3282 5370
1379 271 1442 338 121

133 457 303 522 coronatus,
328 451 358 506 in
376 466 457 506 erues
476 467 641 522 suspensus,
660 454 799 520 mortuus,
817 451 918 508 lancea
935 451 1113 522 vulneratus,
1132 453 1167 510 de
1185 469 1268 512 erute
1286 455 1442 528 depositus,

134 542 164 596 'un
183 539 316 610 sepulcro
334 539 453 610 positus.

225 644 258 697 V.
273 644 314 697 16.
346 641 413 697 llier
430 643 468 696 ist
486 658 550 696 rens
568 643 623 696 wie
637 643 738 714 dignus
752 643 916 712 construirt,
934 660 1000 698 reus
1014 643 1111 702 sunere
1125 647 1214 702 lueisst
1231 646 1331 720 ὤμω
1344 653 1445 706 mom.

480 857 541 932 94.
575 859 686 932 Horae
711 857 755 932 de
780 861 946 960 passione
973 858 1113 934 domini.

643 1020 694 1091 ad
721 1021 937 1092 matutinum.

137 1166 194 1236 Ad
216 1167 404 1233 matutinum
427 1167 554 1252 gemide
814 1167 880 1234 Per
903 1177 1003 1234 testes
1026 1169 1240 1252 iniquissimos

181 1281 216 1338 tu
236 1281 363 1356 patrem
383 1275 542 1356 exorasti,
859 1273 1040 1338 omnimode
1062 1275 1245 1358 mendaces,

136 1378 194 1460 qui
214 1395 285 1459 prae
307 1394 446 1440 moerore
469 1375 606 1446 tremide
817 1385 850 1440 et
873 1377 962 1440 viros
985 1395 1046 1460 per
1067 1377 1281 1459 nequissimos

183 1497 330 1545 eruorem
351 1477 518 1548 desudasti
859 1489 892 1545 et
914 1481 1041 1548 nimium
1061 1498 1220 1565 proeaees

139 1637 340 1704 Rerumbeus
362 1638 395 1702 iu
418 1639 568 1722 angustia
742 1641 763 1702 5
815 1631 852 1698 ln
875 1633 959 1698 collo
982 1641 1037 1697 tuo
1061 1651 1165 1697 eaesus
1188 1651 1239 1717 es,

181 1741 214 1804 in
235 1749 342 1806 monte
366 1743 523 1808 olivarum
859 1737 891 1800 in
914 1737 1019 1800 roseis
1042 1737 1181 1801 maxillis

137 1863 210 1912 uum
233 1847 317 1910 tristi
342 1847 540 1930 querimonia
814 1859 991 1924 percussus
1014 1849 1111 1924 atque
1133 1842 1232 1906 laesus
1254 1861 1306 1926 es,

179 1950 364 2016 instantium
385 1970 562 2034 poenarum.
859 1963 930 2008 oum
953 1943 1067 2027 palmis
1091 1951 1123 2008 et
1145 1944 1285 2028 pugillis.

135 2101 201 2170 Ast
222 2106 350 2169 interim
375 2123 447 2170 eum
468 2104 617 2178 facibus,
815 2097 852 2162 ln
875 2097 990 2162 faciem
1014 2099 1193 2182 sputamine

179 2207 285 2272 Judaei
308 2209 477 2272 venientes
721 2211 762 2274 10
858 2201 966 2266 Judaei
989 2203 1203 2286 maculantes,

135 2317 171 2376 et
192 2311 310 2393 gladiis
334 2312 512 2376 minacibus
816 2323 888 2369 oum
910 2304 985 2368 albo
1008 2304 1194 2368 linteamine

180 2422 212 2478 te
231 2434 372 2498 propere
397 2425 580 2498 quaerentes
859 2415 892 2470 ῑθ
915 2407 1012 2470 eliam
1035 2409 1197 2490 velantes,

134 2570 212 2636 Per·
226 2571 370 2635 osculum
393 2573 562 2650 miserrimi
795 2561 863 2658 «Te
886 2561 1018 2625 multum
1042 2561 1199 2626 derisorie

181 2680 215 2737 te
238 2673 334 2738 Judae
358 2686 590 2761 cognoverunt,
860 2665 1016 2730 caedendo
1039 2671 1268 2751 verberarunt,

135 2784 171 2840 te
194 2777 296 2858 servi,
320 2777 378 2839 sed
391 2761 588 2862 asperrimi,
724 2783 763 2844 15
816 2777 848 2832 ie
872 2769 969 2834 valde
993 2769 1197 2853 despeotorie

180 2881 318 2962 ligantes
341 2882 553 2946 abduxerunt.
860 2873 1017 2938 calcando
1040 2877 1285 2940 subsannarunt.

135 3034 308 3119 Apostolis
331 3038 516 3104 timentibus
816 3029 948 3093 Petrum
970 3029 1071 3093 tribus
1095 3037 1126 3093 te
1149 3030 1274 3095 vicibus

181 3141 336 3203 saevitiam
359 3141 502 3205 euhantis
860 3141 1033 3216 negantem
1056 3133 1221 3217 audivisti,

106 3315 108 3320 ,
135 3251 234 3325 atque
258 3245 498 3328 diffugientibus
785 3299 786 3303 ,
818 3239 938 3304 adiris
962 3239 1167 3308 carnificibus

181 3350 294 3414 timore
317 3350 397 3416 dirae
419 3352 539 3414 mortis.
722 3353 763 3416 20
860 3342 971 3404 illusus
996 3341 1071 3405 dum
1093 3341 1190 3406 suisti·

134 3503 221 3569 Hine
243 3524 352 3570 eoram
374 3508 581 3591 pontificibus
815 3497 902 3562 Haee·
918 3498 1051 3561 horrida
1074 3498 1221 3563 convicia
1400 3497 1443 3560 45

181 3607 269 3671 fuisti
291 3617 517 3692 praesentatus,
691 3655 694 3667 ,
860 3610 894 3666 tu
918 3604 992 3684 quia
1014 3603 1171 3666 sustulisti

136 3709 174 3772 in
194 3710 298 3772 oausis
320 3711 547 3794 multiplicibus
818 3714 850 3769 et
873 3707 936 3769 alia
956 3707 1129 3789 supplicia,

182 3814 250 3877 uon
267 3815 370 3878 minus
390 3825 559 3880 aecusatus
861 3811 976 3891 quibus
999 3827 1059 3872 nos
1081 3807 1255 3872 redemisti.

230 3967 247 4019 3
275 3981 329 4035 pro
353 3965 400 4019 lis.
427 3963 474 4020 fiir
502 3971 544 4037 qai
568 3963 668 4019 stiinde
696 3962 794 4016 besser
818 3965 849 4015 et.
897 3962 915 4014 d
940 3959 1048 4014 sudasti
1065 3959 1111 4014 Hs.
1160 3963 1177 4012 'i
1204 3960 1379 4030 querimonis)
1396 3961 1446 4016 Hs.

143 4053 179 4106 19
206 4049 380 4124 fugientibus
399 4053 446 4107 lis.
496 4056 531 4107 30
554 4052 583 4104 in
601 4049 674 4105 fehlt
691 4051 738 4104 lls.
786 4051 821 4102 33
841 4047 877 4102 tis
897 4047 966 4102 oder
984 4049 1024 4101 cis
1043 4045 1090 4101 sur
1108 4047 1149 4117 in,
1167 4049 1214 4102 lls.
1258 4049 1293 4102 36
1317 4054 1346 4104 te
1364 4047 1445 4106 fehlt

142 4141 179 4194 46
197 4140 297 4194 besser
315 4139 464 4210 pertulisti.
492 4141 559 4211 quia
575 4143 625 4196 hat
642 4139 743 4194 keinen
761 4138 910 4207 Narbsatz,
928 4153 960 4191 es
978 4137 1086 4192 scheint
1105 4139 1192 4193 daher
1205 4136 1251 4193 fur
1265 4139 1310 4193 ein
1323 4139 1445 4194 anderes

136 4233 227 4289 Wert
244 4249 279 4285 nu
298 4230 406 4299 stehen,
426 4236 504 4285 etwa
522 4227 570 4284 fiir
585 4233 635 4301 pie.

625 4439 686 4514 95.
712 4442 762 4514 ad
781 4441 941 4538 primam.
1045 4457 1046 4462 ’

133 4587 193 4662 Ad
216 4591 351 4674 primam
373 4599 589 4676 praesentatus
612 4611 649 4658 es
816 4593 858 4659 de
882 4613 945 4676 qno
964 4593 1034 4677 jam
1058 4592 1233 4656 destinatus
1257 4605 1294 4651 es

180 4700 217 4762 tu
237 4693 370 4780 praesidi
391 4694 515 4782 Pilato,
860 4696 983 4769 Herodi
1005 4698 1181 4780 scelerato,
