3324 5358
1404 300 1470 367 ott

162 487 280 566 Quidni
301 505 393 552 mens
414 495 491 552 tunc
512 486 680 572 praecipue
841 484 887 554 Ut
906 486 992 554 hanc
1014 496 1112 570 queat
1133 489 1266 556 liberius
1423 491 1467 553 ld

160 591 288 656 interna
310 591 426 654 mentis
448 591 561 672 requie
747 590 789 653 to
843 591 1006 674 speculari
1027 599 1103 656 tuno
1125 592 1261 674 animus,

160 696 280 762 cultum
303 696 421 759 adoret
441 714 503 778 per
524 693 613 779 pium
841 691 1044 757 interdicitur
1068 693 1153 757 actio

67 864 69 868 .
162 799 257 864 deum
281 805 314 863 et
336 817 429 864 suum
451 797 638 864 dominum?
787 841 788 850 ι
842 794 970 857 servilis
994 794 1046 857 die
1070 795 1196 858 festivo.

160 979 258 1048 Ratio
282 988 315 1044 et
336 981 507 1063 memoria,
842 970 926 1038 Hinc
948 991 984 1036 se
1007 991 1164 1057 superse
1188 973 1336 1040 sublevet

161 1083 313 1147 voluntas
332 1099 459 1165 quoque
482 1083 587 1148 libera
843 1083 1030 1157 attenteque
1050 1075 1250 1160 consideret,
1427 1081 1468 1144 50

161 1193 280 1250 vacent
302 1193 377 1250 tunc
401 1185 463 1249 deo
486 1186 616 1270 penitus
783 1199 784 1204 ¹
844 1199 917 1262 quae
940 1186 1123 1243 sanctorum
1146 1179 1209 1242 sint
1232 1178 1352 1262 gaudia

161 1291 238 1355 totis
262 1290 376 1354 animae
399 1290 532 1355 viribus.
841 1285 875 1347 in
897 1283 1106 1348 «iherusalem
1126 1301 1254 1367 supera.

162 1467 274 1534 Solum
296 1470 330 1532 in
352 1468 414 1532 deo
438 1466 596 1551 gaudeat,
679 1457 682 1464 ’
842 1463 977 1548 Penset,
1002 1473 1154 1548 quantum
1177 1466 1211 1530 bi
1229 1465 1403 1550 gaudeant,

161 1573 248 1640 hunc
272 1571 446 1636 offendisse
470 1571 597 1654 doleat,
633 1597 637 1604 ·
844 1589 915 1634 cum
934 1570 1003 1654 jam
1025 1569 1164 1653 pleniter
1187 1571 1342 1653 habeant,

162 1695 255 1760 spem
277 1677 487 1756 timoremque
510 1673 688 1757 integrum
844 1673 999 1762 quidquid
1021 1676 1084 1758 ipsi
1106 1675 1286 1758 voluerint,
1428 1676 1468 1736 55

160 1782 195 1846 in
217 1798 308 1844 suum
330 1785 439 1860 vertat
462 1775 631 1844 domiuum.
844 1785 988 1860 careant,
1013 1778 1099 1864 quod
1121 1779 1291 1842 noluerint.

161 1959 283 2046 Sperat
303 1961 378 2045 ejus
400 1962 624 2045 praesentiam,
842 1957 948 2038 lutus,
971 1955 1052 2020 loris
1075 1964 1109 2022 et
1131 1956 1270 2039 undique

160 2067 273 2128 timeat
296 2073 329 2126 et
352 2065 549 2145 absentiam,
843 2063 948 2126 sancti
965 2062 1054 2144 pleni
1077 2070 1151 2126 sunt
1173 2062 1306 2146 gloriae,

161 2169 310 2230 referens
330 2167 373 2230 ad
394 2168 480 2231 bunc
503 2167 624 2248 omnia,
843 2181 917 2226 oum
939 2164 972 2224 iu
995 2162 1048 2226 dei
1068 2164 1248 2246 praesentia

163 2287 222 2332 scu
245 2267 386 2334 adversa
408 2287 466 2332 seu
488 2284 660 2352 prospera.
844 2267 923 2350 sint,
948 2267 1002 2346 qui
1025 2268 1171 2330 omnibus
1194 2265 1308 2329 omnia.
1430 2263 1470 2325 60

161 2449 282 2516 Penset
304 2451 397 2538 inse
420 2451 586 2533 subtilius,
715 2435 717 2442 ¹
845 2449 896 2518 Illi
918 2456 1038 2514 vacant
1059 2449 1219 2532 totaliter,

164 2555 240 2636 quid
263 2555 324 2620 sibi
346 2555 419 2638 pius
443 2555 591 2620 dominus
675 2539 678 2544 ¹
845 2555 933 2621 hunc
954 2553 1066 2617 vident
1088 2553 1258 2634 lacialiter,

164 2655 292 2719 dederit
315 2646 568 2739 seudimiserit,
606 2737 607 2743 ἵ
702 2657 704 2660 ’
845 2657 932 2724 hunc
955 2664 1063 2722 amant
1085 2655 1319 2736 ardentissime,

84 2750 90 2754 ’
162 2760 241 2842 quid
262 2759 351 2826 dabit
374 2779 413 2825 ac
435 2761 630 2844 promiserit.
747 2813 750 2818 .
845 2760 946 2842 bunc,
970 2779 1064 2842 quem
1088 2758 1209 2822 habent
1231 2755 1426 2841 plenissime.

161 2940 259 3005 Dedit
281 2940 343 3004 sibi
364 2940 534 3004 innumera
844 2925 896 2991 Ex
918 2925 1014 3008 hujus
1035 2925 1109 2989 sola
1131 2924 1224 3003 facio,
1429 2922 1470 2984 65

161 3047 320 3111 bonorum
342 3042 517 3124 beneficia,
845 3050 918 3113 quae
941 3049 1054 3094 verum
1075 3029 1182 3092 lumen
1205 3027 1335 3110 gloriae,

163 3147 299 3230 quitavit
321 3147 406 3212 hanc
428 3169 448 3211 a
471 3147 572 3230 vitiis,
843 3143 914 3200 tota
937 3135 1078 3200 ooelestis
1102 3133 1191 3198 ouria

161 3243 255 3316 lionis
271 3250 395 3316 'ditabit
417 3252 557 3316 aeternis.
842 3240 999 3324 percipit,
1023 3257 1095 3320 quae
1117 3239 1188 3340 vult
1211 3238 1325 3303 omnia.

160 3427 255 3500 Dona
276 3436 427 3502 revolvat
449 3436 559 3502 intime
696 3485 697 3488 ι
844 3423 871 3490 0
895 3443 990 3506 quam
1012 3421 1091 3486 felix
1113 3421 1186 3486 haec
1210 3422 1323 3486 civitas
1330 3469 1339 3504 ,

161 3533 227 3602 tam
249 3548 376 3603 naturae
399 3560 494 3621 quam
517 3541 651 3624 gratiae,
843 3530 898 3612 ubi
920 3533 1018 3595 beata
1039 3529 1166 3592 trinitas
1427 3525 1467 3586 '10

161 3662 235 3726 quae
257 3645 413 3708 malorum
436 3645 614 3728 supplicia,
836 3631 969 3703 mundis
991 3631 1119 3696 videtur
1142 3629 1310 3710 cordibus,

162 3767 234 3832 quae
256 3751 415 3816 bonorum
438 3756 471 3812 et
493 3749 637 3832 praemia.
843 3755 918 3820 quac
941 3743 991 3798 est
1013 3735 1128 3817 gloriae
1151 3732 1313 3796 terminus.

160 3921 295 4004 Penset,
318 3931 353 3987 ut
374 3924 447 3988 hac
469 3924 654 4007 acquireret
799 3965 801 3970 -
842 3910 894 3978 Ex
916 3909 980 3974 hae
1002 3907 1101 3972 euriae
1125 3905 1272 3986 claritas,

161 4035 195 4092 ct
213 4035 247 4091 ut
269 4027 326 4092 illa
349 4027 537 4112 evaderet,¹
843 4033 885 4078 ex
908 4012 971 4076 hac
994 4025 1131 4074 concors
1154 4009 1293 4072 societas

160 4125 329 4196 tormentis
352 4150 447 4212 quam
471 4128 655 4196 crudelibus
844 4117 1021 4183 celestium
1044 4114 1212 4220 spirituum
1428 4109 1469 4214 'lb

159 4253 197 4298 sc
220 4233 370 4316 exposuit
393 4233 548 4298 dominus.
843 4241 883 4288 ac
905 4225 1073 4288 beatorum
1092 4219 1250 4283 mentium.

158 4396 297 4481 lnsuper
319 4415 442 4462 vacans
465 4415 606 4481 corpore
796 4397 799 4402 '
843 4383 924 4451 Cum
947 4385 1032 4449 omni
1055 4385 1126 4448 nisu
1148 4385 1263 4447 virium

158 4520 249 4565 mens
273 4508 441 4575 assuescat
462 4501 656 4586 revolvere,
841 4489 976 4555 laudare
999 4496 1125 4573 patrem
1148 4488 1318 4566 luminum,

156 4624 233 4689 quae
257 4608 425 4688 qualisque
449 4605 489 4670 sit
511 4606 658 4690 requies,
778 4657 784 4670 ,
841 4592 936 4656 uniet
959 4591 1072 4656 harum
1096 4591 1197 4672 actiO,

158 4729 224 4794 qua
247 4711 321 4776 coeli
344 4708 646 4792 fruunturcives„
718 4761 737 4776 ,,
842 4696 940 4780 quies¹
955 4695 1052 4780 bojas
1074 4694 1191 4786 fruitio.
1259 4771 1267 4781 ¹
1409 4687 1467 4762 ,80
