3312 5366
435 680 517 754 160.
550 679 710 754 Sabbato
737 693 818 782 post
839 679 971 782 pascha
998 681 1242 779 (troparium).

186 859 216 922 1.
241 855 380 922 Carmen
402 875 460 922 sno
483 855 602 922 dileoto

186 1047 217 1111 2.
239 1043 388 1112 Eoolesia
411 1043 531 1110 Christi
554 1053 663 1128 oanat,

238 1155 281 1216 oh
296 1169 391 1234 quam

236 1261 364 1339 patrem
385 1261 584 1336 matremque
607 1252 763 1322 deserens

236 1409 326 1475 Deus
348 1417 461 1476 nostra
484 1427 521 1474 se
543 1409 652 1473 vestiit
691 1453 694 1462 „
792 1409 810 1472 5

238 1519 356 1578 natura

236 1623 270 1682 et
292 1632 496 1700 synagogam
517 1613 650 1698 respuit.
685 1623 690 1634 “
751 1617 759 1632 “

186 1807 216 1873 3.
240 1801 384 1886 Christo,
407 1810 464 1869 tuo
486 1822 580 1870 saoro
602 1804 707 1868 latere

237 1915 441 1973 sacramenta
461 1915 631 1978 manarum
652 1907 748 1991 illius,
802 1943 805 1948 ·

237 2061 297 2128 Tui
319 2062 398 2146 ligni
421 2063 613 2128 adminiculo
769 2062 810 2126 10

239 2169 507 2235 oonservaturin
529 2169 600 2232 salo
622 2166 744 2232 saeonli.

184 2360 214 2424 d.
237 2356 330 2423 Hano
353 2358 506 2423 adamans
520 2358 703 2446 ‚conjugem

236 2461 396 2528 olauderis
420 2459 561 2546 Gazae,
649 2507 653 2514 .

236 2563 296 2630 sed
318 2573 431 2652 portas
455 2566 646 2632 effraoturus
667 2564 769 2646 illius,

916 854 1009 920 liano
1032 854 1128 918 etiam
1150 855 1296 922 hostibus
1449 859 1488 922 15

915 961 1076 1026 eruiturus
1189 1017 1191 1028 ,

915 1085 951 1130 es
975 1079 1172 1148 congressus
1196 1073 1335 1150 tyranno
1350 1065 1489 1152 Coliath,

917 1202 1018 1281 Quem
1039 1203 1151 1304 lapillo
1243 1259 1245 1262 .

915 1306 1097 1390 prosternis
1119 1306 1224 1373 unioo.

863 1449 1208 1537 nmmm'
1446 1475 1489 1538 m

915 1595 1057 1657 amoena,
1081 1572 1224 1658 Christe,

915 1677 996 1752 ludit
1017 1679 1051 1742 in
1071 1679 1156 1761 pao'e

914 1780 1016 1845 omnis
1040 1778 1180 1845 ecelesia

915 1915 997 1980 Tute
1019 1917 1053 1980 in
1075 1917 1187 1998 horto;

914 2037 1104 2102 resurgens,
1128 2017 1275 2102 Christe,
1447 2027 1491 2089 25

914 2123 1042 2188 hortum
1064 2122 1210 2188 florentis

912 2233 1058 2318 paradisi
1079 2227 1142 2320 tpis

914 2353 1119 2419 obstructum
1144 2353 1214 2418 diu·

914 2477 1057 2542 reseras,
1082 2459 1226 2542 domine,

905 2583 974 2626 rex
997 2583 1120 2646 regum.
1193 2615 1195 2620 .
1445 2537 1488 2630 3'0

272 2715 320 2771 ns.
340 2735 375 2773 nu
392 2717 536 2786 manchon,
556 2715 624 2774 om.
643 2705 730 2770 mosa
749 2711 769 2769 f,
788 2717 822 2768 15
832 2715 891 2769 *mit
908 2715 1040 2770 Nemea.
1059 2717 1091 2770 11
1106 2717 1203 2772 Janrn.
1223 2702 1286 2790 (Α).
1322 2719 1490 2776 Muroaener

183 2802 333 2865 Messhueh
351 2806 400 2859 des
420 2808 453 2860 12
471 2805 569 2860 Jahrh.
587 2811 622 2862 z'n
641 2803 755 2860 Colmar
774 2807 789 2872 (
813 2806 836 2872 J.
1090 2801 1093 2808 ‘

273 2932 290 2982 2
318 2928 458 2984 aecclesia
475 2928 514 2995 Α,
541 2903 600 2981 alte
618 2927 803 2998 Sohreihnng.
853 2929 886 2980 11
914 2923 1090 2980 amminiculo
1116 2926 1149 2982 A.
1197 2928 1233 2982 20
1256 2933 1439 2998 prosternens
1449 2933 1491 2988 Β,

185 3016 221 3070 21
240 3015 307 3070 vitas
325 3017 382 3070 AB.
418 3015 523 3070 23-26
542 3011 636 3068 fehlen
654 3015 685 3078 Β.
721 3017 756 3068 27
775 3017 868 3068 ortum
884 3013 941 3082 AB,
960 3012 1017 3066 wie
1031 3013 1197 3083 gewdnlioh
1216 3017 1290 3082 ohne
1307 3019 1333 3072 h.

271 3137 303 3191 V.
324 3137 425 3190 13.1t.
452 3135 538 3190 Panoi
561 3151 596 3190 ox
619 3135 702 3206 plebe
720 3135 877 3190 lsradlitioa
895 3123 1017 3191 Christo
1032 3135 1204 3204 praedicante
1223 3137 1413 3210 orediderunt,
1445 3141 1488 3197 in·

183 3225 293 3281 numeri
311 3239 382 3279 vero
401 3223 525 3294 gentium
543 3223 642 3294 populi
659 3224 733 3278 viam
751 3223 824 3284 vitae
836 3223 974 3280 moriente
992 3221 1043 3276 illo
1062 3223 1152 3276 secuti
1170 3229 1241 3280 sunt.
1261 3257 1292 3266 -
1317 3229 1398 3298 'quod
1415 3229 1489 3284 beno

183 3311 362 3369 Samson‘in
389 3317 477 3366 semet
501 3312 564 3382 ipso
588 3311 690 3366 dudum
712 3307 872 3382 figuraliter
896 3309 1048 3380 expressit,
1081 3305 1250 3382 qui'pauoos
1269 3315 1391 3385 quidem,
1424 3317 1489 3373 dum

184 3399 309 3468 viveret,
333 3401 486 3471 interemit,
515 3401 657 3456 destructo
676 3400 894 3469 autem'templo
919 3399 1016 3454 hostes
1034 3399 1209 3469 innumeros,
1242 3417 1304 3458 oum
1321 3409 1488 3461 moreretur.

182 3489 303 3559 oooidit3
322 3489 387 3559 quia
404 3489 532 3544 nimirum
545 3489 672 3544 dominus
691 3489 727 3544 ab
746 3487 869 3542 elatione
888 3487 1029 3556 superbiae
1042 3501 1157 3556 pauoos,
1177 3489 1370 3559 onmzviveret,
1389 3491 1487 3562 plures

182 3589 269 3646 vero,
298 3592 358 3631 oum
377 3577 509 3648 templum
527 3577 571 3631 sui
589 3577 720 3646 corporis
739 3575 914 3644 solveretur,
943 3575 1066 3629 extinxit
1095 3575 1202 3646 Greyor.
1222 3577 1259 3632 M.
1276 3579 1370 3633 moral
1387 3583 1430 3650 29,
1444 3581 1488 3637 26.

183 3665 271 3732 Quem
289 3665 345 3720 nisi
361 3665 567 3736 redemptorem
585 3669 713 3718 nostrum
731 3663 851 3718 Samson
869 3661 918 3720 ille
937 3659 1185 3734 significatt,›quid
1203 3663 1279 3720 Gaza
1297 3666 1414 3736 civitas,
1433 3667 1488 3724 nisi

183 3749 323 3808 infernum
341 3753 491 3824 designati
519 3785 551 3794 -
579 3751 700 3806 Samson
716 3751 808 3805 media
825 3755 909 3806 noete
930 3765 987 3814 non
1005 3749 1096 3805 solum
1114 3751 1197 3821 exiit,
1217 3753 1370 3809 sedetiam
1388 3761 1489 3826 portas

182 3839 261 3895 tntis:
280 3841 441 3910 redemptor
462 3845 561 3913 noster
579 3845 644 3894 ante
663 3839 752 3894 larem
769 3855 922 3910 resurgens
946 3855 1004 3894 non
1028 3838 1119 3894 solum
1137 3839 1210 3894 liber
1229 3840 1262 3896 de
1280 3839 1391 3898 inferno
1410 3843 1489 3915 exiit,

182 3925 264 3982 sedet
281 3927 345 3996 ipsa
363 3923 467 3980 inferni
485 3927 611 3995 claustra
629 3927 774 3982 destruxit.
790 3932 891 3998 portas
909 3925 975 3982 tulit
992 3930 1021 3980 et
1033 3928 1141 3982 ¹montis
1159 3931 1294 3986 verticem
1308 3931 1401 4000 subiit,
1420 3933 1488 4002 quia

182 4013 359 4084 resurgendo
385 4013 509 4069 claustra
531 4011 636 4068 inferni
653 4007 785 4084 abstuIit,
818 4019 847 4070 et
864 4011 1042 4068 ascendendo
1060 4015 1197 4071 coelorum
1214 4033 1304 4089 regna
1321 4019 1489 4088 penetravit.

182 4099 271 4168 Ejasd.
292 4101 392 4156 homih·
404 4103 433 4155 in
451 4117 551 4174 evang.
568 4107 594 4173 2,
613 4107 655 4174 21,
675 4108 700 4160 i.
925 4103 926 4108 ’
970 4113 974 4118 ’
1454 4113 1456 4120 ⁴

170 4217 172 4230 ι
271 4187 305 4242 V.
323 4191 366 4242 17,
393 4187 521 4245 Christus
539 4190 631 4245 David
649 4207 733 4246 verus
753 4194 803 4246 est.
829 4191 913 4246 iiiior.
932 4191 961 4244 in
978 4190 1076 4261 psalm.
1095 4193 1137 4260 52,
1157 4194 1181 4246 1.
1216 4189 1400 4250 Ausifihrlioh
1418 4193 1489 4248 han-

182 4273 241 4329 delt
260 4274 381 4330 dariiber
399 4277 531 4347 depasto.
550 4277 587 4332 ad
604 4278 705 4333 Duloit.
724 4283 822 4349 quaest.
841 4280 866 4347 5,
884 4280 909 4333 3.

272 4363 306 4418 V.
323 4365 448 4419 20-25.
475 4365 527 4420 Eia
552 4366 670 4421 sohiinos
694 4367 750 4422 und
774 4381 846 4438 ganz
864 4367 1019 4424 bihlisohes
1037 4369 1103 4426 Bild
1126 4372 1176 4426 der
1192 4370 1310 4440 Kiroho,
1342 4371 1388 4426 die
1406 4375 1490 4426 nnter

182 4448 244 4506 dem
270 4452 440 4508 Weinstook
458 4453 587 4510 Christus
612 4455 705 4508 sieher
729 4455 759 4510 in
783 4456 887 4512 soinem
910 4455 1015 4512 Garton
1043 4460 1142 4530 spielt,
1173 4459 1242 4514 weil
1265 4459 1307 4514 sie
1330 4459 1360 4514 in
1384 4459 1492 4514 seinem

180 4538 301 4614 Frieden
325 4542 392 4598 lebt
427 4543 507 4597 Naeh
534 4543 639 4600 Cantio.
658 4545 683 4598 d.
701 4547 725 4599 5.
757 4545 883 4601 Heredes
902 4545 1009 4602 Christi
1027 4547 1157 4617 dicimur,
1189 4548 1256 4618 qnia
1272 4545 1387 4618 reliquit
1403 4545 1488 4601 nobis

182 4627 262 4698 pacis
288 4629 489 4685 ecclesiastieae
507 4633 716 4702 possessionem
739 4631 891 4706 perfidem
909 4637 1076 4707 temporalis
1094 4635 1325 4707 dispensationis,
1358 4647 1441 4708 quam
1457 4632 1489 4688 in

181 4713 236 4774 hac
254 4716 316 4776 vita
333 4717 515 4790 possidemus.
541 4720 675 4798 depastio.
692 4720 748 4782 div.
766 4718 864 4798 quaest.
881 4723 925 4800 ts,
945 4725 971 4782 1.
