3324 5358
1405 291 1470 358 265

162 477 213 532 mit
237 475 314 530 einer
332 474 379 528 lls.
402 487 460 526 von
478 469 654 542 Conegliauo
678 469 809 538 iibereim
841 469 928 526 claren
947 467 1077 528 Officium
1102 472 1137 527 cle
1155 471 1259 528 liuhais
1278 471 1402 528 bekannt
1420 490 1471 547 ge-

162 565 256 618 macht
281 561 337 616 nod
364 559 478 632 geneigt
502 559 565 627 hat,
596 555 662 611 dass
681 571 712 610 es
730 557 759 610 in
777 556 967 612 'l'eutschland
985 558 1153 614 entstauclen
1177 559 1234 614 nul
1258 560 1321 616 dem
1340 558 1471 618 Cilicium

165 646 217 704 auf
239 648 292 702 den
318 650 344 702 h.
372 646 532 713 Dominicns
555 643 755 715 nachgehildet
783 643 821 698 ist
845 648 886 714 (a.
905 661 929 700 a.
945 645 975 701 0.
993 661 1020 716 p.
1039 647 1116 716 503).
1151 646 1203 702 Die
1220 647 1311 703 Verse
1330 650 1390 704 28
1418 649 1468 704 dea

165 735 269 807 obigen
288 735 435 790 Cedichtes
453 733 550 786 lanten
567 731 614 786 hei
631 729 665 784 dc
684 729 789 786 Rubeis
808 729 885 786 also:

272 821 367 877 Gaude
385 815 456 875 felix
473 834 575 890 parens
595 816 732 885 ecclesia,
944 817 1026 874 adest
1043 833 1126 874 nova
1145 819 1236 874 landis
1255 819 1363 877 letitia.

251 911 284 964 V.
302 913 345 963 57.
363 909 401 964 ist
418 923 485 963 vom
498 907 570 962 Brot
588 902 641 959 anf
654 903 708 960 len
723 903 811 958 Weiu
825 903 1006 976 ihertragcm
1025 905 1075 961 hat
1088 907 1158 961 aher
1172 907 1326 962 desselben
1340 906 1470 980 Anfang:

162 996 233 1053 felix
250 997 325 1053 vitis.
611 999 613 1008 '

250 1115 285 1172 V.
303 1119 326 1170 1.
354 1115 488 1171 salvator.
513 1113 659 1171 Tertulliaa.
677 1114 712 1168 cle
730 1119 882 1170 resurrect
901 1129 977 1172 carn.
994 1117 1037 1172 t‘l.
1057 1119 1123 1187 sagt
1141 1111 1337 1172 salutificator.

253 1221 286 1275 V.
305 1223 330 1274 5.
349 1222 390 1274 14.
410 1221 451 1273 62.
471 1221 608 1274 135146.
632 1219 706 1274 wircl
724 1219 768 1274 die
787 1219 949 1291 Siissigkeit
967 1220 1017 1274 des
1035 1218 1205 1274 Abendmals
1225 1218 1470 1290 hervorgehohen,

163 1327 224 1376 was
243 1311 362 1366 anchin
381 1311 434 1365 den
452 1310 569 1364 Menien
587 1310 760 1379 vorkommt‚
786 1326 834 1365 wo
854 1310 982 1367 Christus
1001 1310 1045 1366 als
1064 1310 1115 1365 der
1133 1311 1213 1364 sisse
1231 1308 1328 1364 'l'rank
1347 1306 1396 1360 der
1414 1303 1471 1360 Un-

163 1396 359 1453 sterblichkeit
378 1396 428 1450 der
446 1395 551 1450 hittern
566 1395 665 1466 Speise
684 1397 733 1452 des
747 1395 839 1452 'l'odes
858 1397 895 1450 im
908 1396 1061 1452 Paradiese
1077 1395 1240 1468 gegeniiber
1254 1392 1371 1467 gestellt
1388 1391 1470 1446 wircl

163 1485 288 1542 θάνατον
306 1484 321 1540 ὁ
340 1481 429 1556 ’Λδὰμ
447 1483 477 1538 ἐκ
494 1481 543 1538 τοῦ
565 1481 648 1550 ξύλου
666 1481 771 1560 πικραῖς
785 1484 914 1559 ίτρύγησα
924 1525 933 1551 ,
958 1481 1030 1557 ξύλῳ
1050 1485 1182 1558 ἐμπαγείς
1202 1481 1324 1560 Χριστὸς
1341 1477 1387 1534 τὸν
1405 1479 1471 1552 γλυ-

163 1571 271 1645 κασμὸν
288 1570 336 1643 τῆς
356 1567 517 1634 ἀθανασίας
538 1569 665 1648 ἐπήγασε.
687 1571 803 1628 16127.
830 1571 860 1628 S.
877 1571 929 1626 No.
948 1573 991 1643 92,
1011 1575 1034 1628 1.

252 1677 285 1730 V.
302 1679 343 1731 14.
358 1677 456 1730 rato.
475 1691 572 1730 mensa
589 1691 691 1746 magna
710 1680 762 1744 est,
781 1675 830 1730 ubi
848 1675 940 1746 epula
958 1679 1023 1732 sunt
1041 1676 1101 1746 ipse
1120 1674 1246 1730 dominus
1261 1689 1371 1734 mensae.
1387 1688 1470 1727 nemo

162 1764 255 1836 pascit
273 1764 408 1820 convivas
428 1763 461 1818 do
480 1779 510 1818 se
529 1763 605 1834 ipso:
624 1763 678 1817 hoc
692 1760 762 1818 facit
777 1763 904 1817 domiuum
916 1763 1059 1832 Christus3
1077 1762 1138 1832 ipse
1152 1762 1297 1830 invitator,
1316 1761 1376 1830 ipse
1390 1759 1470 1814 cibus

162 1857 193 1907 et
209 1855 301 1923 potus.
336 1851 364 1908 S.
383 1839 517 1922 Αυγυσίίυί
545 1866 628 1906 serm.
644 1852 714 1920 329,
734 1853 758 1904 1.
789 1851 828 1907 Er
847 1855 933 1906 neunt
951 1851 1023 1906 auch
1042 1849 1093 1906 das
1110 1848 1266 1912 Ahendmal
1283 1865 1379 1904 mensa
1397 1845 1472 1916 omli,

161 1955 258 1995 mensa
275 1939 449 2010 angelorum.
485 1938 573 1995 Serm.
590 1941 652 2006 231,
672 1940 696 1992 5.

251 2046 284 2100 V.
301 2047 343 2100 31.
362 2047 404 2099 32.
429 2045 538 2114 Greqor.
555 2043 620 2100 Noa
647 2048 718 2098 orat
737 2045 772 2096 17
795 2058 822 2114 p.
840 2045 902 2098 273.
926 2043 1008 2098 redet
1027 2043 1081 2098 den
1099 2039 1254 2097 Prilelrten
1272 2057 1329 2097 von
1346 2041 1471 2096 Nauianz

161 2133 191 2187 in
209 2133 303 2188 seiner
322 2131 441 2203 Prodigt
460 2131 522 2185 also
541 2146 591 2185 an:
619 2129 742 2205 Χριστὸν
765 2129 899 2206 προσάγω
928 2151 988 2198 σοι,
1015 2134 1061 2186 ναί
1084 2129 1133 2201 τὴν
1157 2128 1293 2206 τράπεζαν
1313 2125 1428 2199 ταύτην,
1454 2117 1472 2199 ᾖ

162 2217 237 2293 κοινῇ
254 2217 399 2295 πρόσιμεν,
417 2223 462 2273 ναί
480 2216 545 2280 τοὺς
563 2215 696 2280 τύπους
713 2219 761 2289 τῆς
779 2217 846 2292 ἐμῆς
865 2225 1008 2294 σωτηρίας,
1026 2216 1084 2281 ούς
1103 2215 1171 2274 άπὸ
1190 2215 1249 2274 τού
1265 2213 1472 2272 ascoltate

163 2305 354 2378 στόματος,
387 2302 435 2376 ἀφ’
453 2296 486 2360 οὗ
508 2303 594 2360 ταῦτα
618 2303 689 2380 πρὸς
714 2305 745 2359 σὲ
768 2302 911 2378 πρεσβεύω
938 2305 988 2376 την
1012 2306 1088 2379 ίερὰν
1104 2310 1150 2360 καί
1169 2303 1223 2360 άνω
1243 2307 1381 2378 φέρουσαν
1399 2300 1473 2374 ἡμᾶς

163 2400 366 2469 μυσταγωγίαν.
402 2394 528 2448 Vidimus
546 2393 702 2464 principem
720 2394 899 2450 sacerdotum
918 2394 954 2448 ad
971 2411 1024 2450 nos
1042 2393 1213 2460 venientem,
1238 2391 1358 2444 vidimus
1377 2395 1406 2444 et
1424 2406 1473 2444 au·

162 2481 283 2537 divimus
303 2480 468 2537 offerentem
485 2498 539 2552 pro
558 2482 640 2537 nobis
660 2482 824 2552 sanguinem
842 2496 936 2535 suum:
963 2481 1118 2550 sequimur,
1143 2484 1174 2532 ut
1191 2494 1352 2548 possumus,
1377 2492 1472 2531 sacer·

164 2570 261 2639 dotes,
280 2575 312 2624 ut
331 2568 482 2624 offeramus
501 2586 554 2640 pro
573 2569 681 2640 populo
700 2565 883 2637 sacrificium,
909 2567 964 2622 etsi
982 2565 1084 2622 infirmi
1102 2564 1217 2632 merito,
1237 2569 1330 2618 tamen
1347 2563 1471 2617 honora·

162 2657 237 2712 hiles
257 2653 412 2726 sacrificio;
432 2657 496 2726 quia
515 2657 568 2710 etsi
586 2673 658 2712 nunc
679 2656 808 2713 Christus
827 2673 884 2710 non
901 2655 1014 2709 videtur
1036 2651 1148 2721 offerre,
1168 2656 1262 2706 tamen
1275 2649 1336 2719 ipse
1351 2647 1472 2703 offertur

162 2745 193 2799 in
217 2745 316 2812 terris,
349 2743 460 2814 quando
485 2743 590 2798 Christi
615 2759 718 2814 corpus
744 2741 878 2812 offertur,
910 2741 992 2796 immo
1017 2741 1079 2810 ipse
1105 2737 1209 2794 offerre
1227 2734 1424 2792 manifestatur
1442 2735 1472 2792 in

162 2833 260 2900 nohis,
293 2835 366 2899 cajus
389 2848 476 2886 sermo
500 2831 644 2900 sanctificat
666 2830 838 2900 sacrificium,
869 2831 945 2900 quod
964 2828 1090 2884 offertur.
1127 2827 1243 2881 Ambrae.
1261 2823 1289 2878 in
1308 2842 1348 2895 ps.
1367 2825 1409 2892 38,
1429 2825 1472 2877 25.

164 2923 302 2978 marceant
327 2925 352 2975 ct
368 2921 456 2976 [ἴσασί.
473 2937 544 2990 prce.
563 2935 608 2990 ap.
627 2919 765 2974 Sirmond.
785 2935 849 2988 opp.
869 2920 893 2987 1,
913 2920 964 2971 141
988 2921 1074 2972 ncnnt
1099 2915 1142 2969 die
1163 2915 1268 2968 Worte
1294 2912 1345 2966 der
1362 2911 1473 2966 Wand-

164 3007 236 3080 lung
261 3011 433 3064 sacerdotalia
458 3010 540 3063 verba
564 3008 621 3060 und
645 3007 768 3076 pontificii
795 3009 919 3060 solemnia
937 3007 1031 3074 acrba,
1058 3005 1127 3058 weil
1144 3003 1186 3057 sie
1205 3018 1257 3056 nur
1276 3001 1325 3054 cler
1343 3001 1471 3055 Priester

164 3097 214 3151 mit
233 3096 283 3150 cler
301 3096 447 3166 Wirknng
466 3095 514 3149 des
533 3093 730 3149 Sacramentes
749 3093 1040 3164 anssprechenfkann.

249 3199 283 3253 V.
301 3201 343 3254 49.
377 3216 501 3271 granum.
536 3201 665 3256 Christus
693 3203 767 3256 wird
792 3199 835 3255 oft
863 3201 912 3255 das
940 3201 1019 3254 Korn
1051 3197 1107 3252 und
1139 3195 1185 3250 clio
1211 3195 1304 3250 Aehre
1338 3195 1471 3264 genennt.

163 3284 180 3344 ὁ
198 3285 323 3350 θάνατος
342 3286 391 3342 τοῦ
406 3284 493 3358 Ἰησοῦ
510 3288 615 3358 στάχυς
633 3295 710 3344 σίτου
729 3296 844 3365 γίνεται,
872 3285 958 3343 ποιῶν
976 3288 1199 3342 πολλαπλασίονα
1218 3288 1263 3338 καὶ
1281 3281 1420 3350 πολύχουν
1437 3277 1469 3335 τὸ

168 3374 348 3451 ἐσπαρμένον.
385 3374 503 3445 Ονίησαίο
521 3377 593 3432 hom
614 3379 655 3446 10,
675 3381 704 3432 3.-
735 3378 862 3432 Christus
881 3377 969 3430 heisst
988 3372 1094 3444 στάχυς
1111 3371 1290 3450 ἀγεώργητος.
1315 3373 1379 3427 Dec.
1393 3372 1435 3423 21.

252 3479 284 3533 V.
304 3481 339 3532 63
353 3481 437 3532 -66,
465 3481 495 3536 ln
526 3483 579 3536 hac
606 3483 841 3554 peregrinatione
875 3482 956 3536 unius
983 3480 1085 3551 patriae
1118 3479 1259 3533 desiderio
1293 3477 1473 3545 suspiremus.

164 3564 193 3619 S.
211 3566 343 3636 Auqastla.
362 3582 455 3620 sermo
473 3569 537 3636 205,
555 3572 580 3622 2.
615 3569 671 3623 Per
695 3570 770 3624 viam
794 3569 968 3624 laboriosam
994 3567 1130 3622 tendimus
1150 3567 1186 3620 ad
1205 3565 1326 3635 quietam
1344 3563 1474 3631 patriam.

165 3651 253 3717 Ejusd.
272 3668 366 3706 sermo
385 3653 446 3720 255,
466 3655 490 3706 1.
525 3655 555 3707 In
574 3671 665 3726 regno
685 3657 729 3709 dei
747 3673 830 3710 nemo
849 3657 974 3709 dicturus
993 3660 1050 3723 est,
1078 3654 1188 3722 suscipe
1207 3650 1398 3720 peregrinum,
1424 3649 1473 3701 ubi

168 3755 264 3792 omnes
282 3739 311 3792 in
330 3739 425 3809 patria
444 3757 495 3794 sua
512 3743 617 3799 vivent.
653 3745 741 3810 ajace.
761 3760 855 3797 sermo
874 3745 916 3810 11,
936 3745 959 3794 1.
995 3742 1075 3796 Nach
1093 3744 1110 3794 2
1129 3741 1195 3793 Kor.
1214 3740 1239 3804 5,
1258 3738 1281 3788 6.

254 3845 286 3899 V.
305 3847 364 3900 109.
387 3848 489 3902 hostia.
517 3847 616 3904 Semel
632 3850 792 3906 immolatus
806 3850 855 3902 ‘est
874 3847 1002 3902 Christus
1021 3847 1050 3900 in
1069 3843 1195 3911 seipso,
1224 3844 1253 3893 et
1271 3843 1363 3892 tamen
1381 3839 1409 3891 in
1427 3855 1473 3892 sa-

166 3939 310 3988 cramento
328 3951 385 3990 non
406 3937 496 3990 solum
512 3954 566 4007 per
585 3952 680 3993 omnes
699 3939 813 4008 paschae
833 3936 1045 4000 sollemnitates,
1069 3929 1119 3984 sed
1138 3927 1213 3994 omni
1230 3927 1273 3980 die
1293 3926 1406 3996 populis
1424 3925 1474 3978 im-

165 4021 302 4092 molatur,
334 4040 386 4078 nec
405 4025 500 4094 utique
519 4006 665 4096 mentitur,
694 4027 740 4096 qui
758 4026 953 4094 interrogatus
978 4037 1039 4076 eum
1057 4014 1237 4087 responderit
1254 4013 1399 4070 immolari.
1431 4028 1476 4067 se-

166 4109 284 4163 cundum
311 4127 382 4182 ergo
399 4097 556 4182 ‘quemnam
582 4116 694 4168 modum
722 4114 768 4183 (d,
793 4115 819 4168 h.
846 4111 933 4165 durch
957 4108 1000 4162 die
1020 4105 1244 4172 Consecration)
1270 4105 1474 4158 sacramentum

167 4197 298 4267 corporis
322 4199 428 4254 Christi
461 4217 564 4270 corpus
596 4200 704 4256 Christi
735 4205 793 4268 est,
825 4200 1029 4252 sacramentum
1056 4192 1201 4264 sanguinis
1226 4191 1331 4246 Christi
1358 4187 1475 4258 sanguis

166 4285 274 4340 Christi
293 4290 343 4340 est.
368 4289 503 4357 Αυγαοίίαί
522 4305 564 4358 ep.
583 4289 626 4356 98,
645 4290 668 4342 9.
704 4289 762 4342 ἔστι
782 4290 873 4342 θυσία
896 4289 941 4338 καὶ
959 4287 1044 4359 χωρὶς
1063 4283 1192 4350 αἳματος·
1218 4282 1310 4334 ἴσασίν
1328 4278 1355 4331 θῖ
1371 4294 1474 4348 1191190·

164 4377 243 4444 μένοι
270 4371 301 4428 τὸ
326 4371 484 4449 λεγόμενον·
513 4374 562 4430 διὰ
588 4373 668 4431 τούτο
692 4375 723 4429 δὲ
746 4371 851 4446 κᾴκείνη
869 4373 885 4446 ἡ
906 4369 1085 4441 θυσία(τοῦ
1106 4367 1218 4436 Ἰσαὰκ)
1247 4370 1333 4440 χωρὶς
1358 4365 1475 4434 αἳματος

168 4461 281 4532 ἐγένετο,
300 4461 394 4532 ἐπειδὴ
414 4461 512 4534 ταύτης
530 4463 637 4536 ἔμελλεν
655 4467 775 4519 ἔσεσθαι
793 4461 885 4525 τύπος.
910 4462 1036 4534 Chrycost.
1055 4459 1089 4512 de
1108 4475 1129 4511 s.
1147 4455 1273 4510 Eustath.
1291 4455 1316 4505 2.
1352 4446 1367 4504 ὁ
1386 4447 1474 4523 ἱερεὺς

165 4545 215 4617 τὴν
233 4545 356 4604 ἑκούσιον
374 4553 480 4606 θυσίαν
498 4548 634 4626 προσάγει
652 4548 691 4622 τῷ
708 4556 802 4624 κυρίῳ,
821 4549 867 4606 τὸν
885 4547 1026 4622 μονογενῆ.
1053 4548 1161 4616 Θνερον.
1181 4543 1246 4596 Nat.
1265 4556 1305 4592 or.
1324 4541 1357 4591 41
1378 4553 1403 4606 p.
1414 4538 1475 4592 675.

252 4634 285 4690 V.
304 4639 445 4692 121-24.
475 4639 612 4710 Accipere
630 4644 833 4693 sacramentum
852 4639 982 4710 corporis
1002 4643 1031 4692 ct
1049 4633 1193 4706 sanguinis
1213 4627 1318 4684 domini
1336 4631 1364 4680 et
1383 4625 1476 4682 malus

166 4723 272 4795 potest,
291 4737 356 4780 nam
373 4730 402 4780 te
420 4727 526 4783 talibus
545 4727 647 4784 dictum
665 4729 717 4782 est
739 4725 752 4785 1
770 4726 833 4783 Cor.
853 4729 895 4798 11,
913 4728 956 4783 29.
991 4726 1123 4795 Aequalis.
1141 4719 1170 4773 in
1188 4733 1232 4788 ep.
1249 4715 1314 4772 lah
1333 4719 1360 4786 7,
1377 4713 1403 4769 6.
