3280 5358
182 259 242 306 vm

183 447 436 533 manuscriptum
456 445 573 510 librum
594 443 736 526 denotat,
769 441 843 512 fler.
865 431 977 527 plures
1007 439 1253 524 manuscriptos.
1303 435 1487 504 Editionum

182 584 373 667 plerumque
401 584 596 650 vetustiores
625 582 785 666 consului,
817 599 891 665 quae
918 580 993 646 vice
1023 579 1171 648 codicum
1198 579 1314 646 haberi
1340 582 1487 663 possunt.

183 717 400 804 Subsequitur
422 720 538 788 deinde
559 721 708 787 lectionis
729 720 890 802 varietas,
919 717 1058 803 ejusque
1089 717 1268 803 disquisitio
1295 715 1426 798 critica,
1457 713 1486 778 si

183 876 248 943 qua
276 876 359 943 opus
390 865 447 924 est.
496 857 665 923 Postremo
695 857 760 922 loci
786 855 937 940 paralleli
965 863 999 922 et
1025 856 1210 922 testimonie
1230 853 1357 936 reliqua
1379 851 1486 934 scrip·

182 1002 288 1060 torum
311 996 605 1062 ecelesiasticorum
628 993 813 1076 afferuntur,
837 1010 918 1077 qnos
939 993 1024 1058 inter
1037 992 1168 1058 Menaea
1182 991 1371 1057 Graecorum
1392 987 1486 1071 siglis

180 1135 336 1200 mensium
354 1131 465 1201 addito
486 1151 621 1199 numero
644 1133 768 1198 dierum
785 1134 840 1197 vel
854 1133 1003 1198 soliorum
1022 1131 1185 1214 denotavi,
1208 1149 1305 1214 quum
1326 1127 1486 1193 editiones

180 1270 317 1338 Venetae
341 1271 454 1336 saeculi
474 1269 578 1354 XVll,
602 1289 675 1353 quae
696 1269 774 1333 mihi
796 1269 839 1334 ad
859 1289 973 1334 manns
997 1276 1099 1349 erant,
1122 1286 1273 1334 numeros
1291 1265 1485 1349 paginarum

179 1423 245 1471 non
267 1405 416 1472 habeant.
457 1405 571 1490 Itaque
590 1427 618 1470 e.
637 1427 668 1490 g.
683 1407 748 1472 Jul.
765 1407 806 1474 30
829 1407 975 1490 legatur:
999 1407 1129 1474 Menaea
1151 1405 1194 1471 ad
1218 1404 1302 1469 diem
1326 1403 1368 1470 30
1389 1401 1484 1482 Julii3

178 1545 234 1608 vel
256 1541 347 1627 Sept.
374 1543 423 1608 Bl.
449 1543 503 1611 13:
527 1545 657 1610 Meneea
678 1546 797 1608 mensis
820 1543 986 1629 Septemb.
1008 1545 1063 1610 fol.
1089 1543 1139 1611 13.
1190 1541 1311 1608 Similis
1340 1541 1425 1605 ratio
1452 1539 1486 1602 in

179 1684 312 1748 Triodio
335 1683 475 1748 tenenda
498 1691 557 1768 est,
581 1685 674 1769 cujus
697 1684 837 1749 editione
859 1684 936 1748 anni
956 1683 1039 1752 1538
1061 1701 1139 1749 usus
1161 1699 1241 1766 sum,
1265 1699 1360 1764 quam
1381 1677 1486 1744 literis

179 1830 213 1888 et
233 1823 374 1888 numeris
397 1823 548 1888 foliorum
569 1824 719 1889 indicavi.

196 2123 199 2128 ¹
264 2036 410 2132 Hymnus
433 2047 467 2112 in
490 2047 607 2112 seriem
632 2045 895 2129 chronologicam
915 2043 1068 2128 redigere
1082 2063 1147 2110 non
1166 2045 1298 2130 placuit,
1321 2065 1395 2108 nam
1417 2045 1482 2110 ista

178 2181 347 2266 dispositio
374 2183 408 2248 in
437 2201 567 2250 errores
598 2183 809 2266 gravissimos
836 2182 967 2266 inducit,
997 2200 1094 2265 quum
1122 2182 1164 2245 de
1192 2189 1289 2247 eetate
1311 2183 1485 2247 multorum

175 2319 369 2406 hymnorum
399 2341 465 2388 non
495 2323 574 2388 satis
603 2329 744 2406 constet,
773 2342 838 2408 qna
869 2322 911 2387 de
939 2343 977 2387 re
1006 2323 1135 2387 nonnisi
1163 2342 1206 2388 ex
1227 2341 1348 2406 magna
1368 2342 1482 2388 manu·

175 2459 370 2544 scriptorum
392 2460 487 2545 copia
509 2460 631 2544 aliquid
653 2461 735 2526 certi
760 2467 905 2526 statuere
926 2461 1067 2547 poteris;
1094 2479 1201 2544 neque
1230 2459 1376 2525 ordinem
1405 2477 1483 2524 auo-

175 2606 280 2667 torum
301 2602 433 2686 institui,
452 2619 525 2668 oum
547 2603 725 2686 scriptores
748 2601 941 2689 hymnorum
963 2603 1136 2674 maximam
1155 2609 1283 2686 partem
1300 2601 1364 2664 sint
1378 2599 1483 2682 ignoti

175 2742 231 2800 aut
253 2734 349 2818 dubii,
373 2743 470 2818 atque
500 2739 643 2802 carmina
675 2737 815 2802 diversis
843 2741 950 2822 podtis
980 2759 1001 2804 a
1027 2739 1170 2805 librariis
1200 2740 1390 2804 tribuantur.
1443 2734 1482 2801 Si

176 2872 247 2959 quis
269 2875 369 2956 poeta
391 2877 424 2935 et
444 2871 567 2954 ingenii
589 2873 734 2939 acumine
757 2881 791 2939 et
811 2892 870 2940 suo
891 2873 1054 2942 scribendi
1072 2895 1196 2960 genere
1210 2875 1292 2940 alios
1307 2874 1481 2956 antecellit,

173 3029 240 3075 non
268 3010 351 3075 adeo
378 3009 511 3075 difficile
539 3017 603 3096 est,
631 3011 786 3098 hymnos,
822 3014 878 3096 qui
911 3012 1044 3079 easdem
1072 3014 1169 3080 animi
1201 3013 1295 3078 dotes
1324 3013 1481 3094 referunt,

174 3147 281 3214 eidem
306 3147 431 3211 auctori
460 3147 667 3233 adscribere,
696 3157 733 3215 ut
761 3151 910 3234 equidem
936 3171 961 3216 a
990 3148 1169 3218 Ambrosio
1199 3159 1233 3218 ot
1264 3173 1289 3218 s.
1319 3150 1481 3232 Gregorio

172 3288 424 3386 Magnoplures
444 3287 582 3370 hymnos
600 3288 773 3376 vindicavi,
797 3311 878 3376 quos
898 3293 1039 3360 editores
1059 3313 1171 3361 eorum
1186 3292 1481 3380 praetermiseram

173 3432 208 3520 at
230 3427 431 3512 scriptorem,
455 3429 510 3513 qui
532 3431 691 3496 communi
712 3432 875 3498 scribendi
894 3453 1018 3517 genere
1037 3436 1146 3520 utitur,
1170 3435 1290 3519 aegrius
1311 3434 1352 3499 ab
1367 3451 1478 3516 aequa-

171 3564 255 3629 libus
287 3564 472 3632 distineris
503 3571 668 3654 satiusque
698 3579 764 3656 est,
795 3571 956 3660 ejusmodi
982 3581 1149 3641 auctorum
1179 3575 1310 3640 nomina
1339 3571 1476 3654 referre,

75 3739 84 3749 ·
172 3705 439 3787 quemadmodum
460 3708 494 3773 in
516 3709 744 3794 manuscriptis
766 3711 927 3794 leguntur.
978 3713 1040 3791 Qui
1061 3713 1200 3797 hymnos
1222 3709 1399 3775 secuudum
1421 3726 1478 3774 or·

172 3841 279 3906 dinem
300 3843 456 3909 festorum
479 3845 676 3932 dispertitur,
698 3853 789 3913 recte
812 3849 940 3934 quidem
963 3851 1040 3934 agit,
1064 3851 1092 3915 si
1114 3841 1258 3918 carmina
1277 3852 1402 3936 colligit
1422 3851 1480 3916 vel

169 3983 410 4068 interpretatur,
434 4003 507 4069 quee
533 3987 568 4050 in
597 3988 744 4053 eeclesiis
773 3998 940 4076 canuntur,
973 3992 1028 4075 qui
1054 4010 1137 4059 vero
1165 4000 1199 4059 et
1225 3993 1307 4060 alios
1336 3993 1477 4076 hymnos

170 4123 320 4208 admittit,
355 4141 490 4206 quorum
518 4122 588 4187 dies
610 4123 685 4190 festi
712 4127 918 4214 ignorantur,
945 4131 1083 4221 eundem
1112 4132 1259 4200 ordinem
1287 4132 1380 4215 sequi
1410 4149 1475 4197 non

168 4257 288 4347 potest.

255 4471 375 4562 Melior
394 4470 504 4554 itaque
524 4471 622 4556 hujus
638 4472 747 4557 operis
766 4473 936 4559 dispositio
949 4477 1088 4563 videtur,
1110 4498 1174 4562 qua
1188 4477 1293 4564 primo
1309 4477 1474 4544 volumine

164 4606 279 4692 hymni
309 4609 353 4676 ad
384 4609 479 4679 deum
509 4618 543 4677 et
568 4612 720 4696 angelos,
751 4613 855 4680 altero
886 4615 930 4684 ad
956 4618 988 4686 b.
1016 4637 1049 4688 v,
1077 4617 1215 4686 Mariam
1243 4625 1277 4686 et
1310 4619 1407 4686 tertio
1430 4617 1475 4686 ad
