3280 5358
220 301 269 370 ὦ

218 489 438 559 Transeamus
460 490 493 552 in
514 487 700 572 Bethleem,
906 485 1038 552 Summa
1060 505 1131 554 oum
1152 486 1337 550 reverentia
1490 487 1536 550 65

223 613 289 678 quo
312 602 407 658 natus
430 613 490 655 rex
512 592 708 674 Jerusalem,
906 590 1077 656 adoremus
1098 590 1152 655 hio
1175 590 1319 672 singula,

221 714 394 765 44444444
418 715 489 760 oum
511 697 695 778 pastoribus
906 692 1035 757 dileetio
1058 692 1144 757 hune
1167 691 1337 774 eompnlit‚

221 802 377 881 verbum,
401 797 488 882 qnod
509 798 586 862 14414
608 797 763 862 dominus.
807 797 849 861 80
906 794 993 878 quod
1014 795 1078 860 hoo
1098 795 1244 860 dominus
1261 795 1402 879 pertulit.

220 961 275 1032 En
297 965 402 1028 infans
424 963 599 1046 sapientia,
904 959 974 1024 Deo
996 961 1082 1043 patri
1105 962 1147 1026 sit
1168 963 1274 1044 gloria

221 1087 323 1152 puer,
347 1069 421 1149 quia
443 1074 517 1132 ante
541 1067 663 1146 omnia,
904 1083 965 1147 per
988 1063 1111 1129 infinita
1135 1067 1270 1152 saeenla‚
1490 1066 1537 1128 96
1626 1113 1627 1130 .

223 1170 305 1235 deus
327 1172 444 1254 pannis
465 1172 657 1251 involvitur,
906 1166 998 1250 eujus
1022 1185 1131 1232 amore
1153 1170 1250 1234 nimio

223 1270 259 1335 in
281 1273 443 1356 praesepio
465 1273 604 1356 ponitur.
905 1270 988 1334 salvi
1010 1287 1117 1336 sumus
1140 1273 1172 1336 in
1194 1271 1269 1336 filio.

313 1423 361 1478 lle.
379 1439 414 1477 nu
431 1422 588 1478 Karlsrulre
607 1422 680 1476 ohne
698 1422 844 1489 Nummer,
863 1423 896 1474 15
913 1421 1011 1477 Jahru

222 1593 227 1598 .
271 1582 275 1590 .
315 1546 351 1598 10
369 1543 488 1614 quails.
524 1543 559 1598 26
578 1539 651 1596 fehlt
669 1542 714 1596 ein
732 1542 834 1610 Wort‚
853 1543 926 1597 ohne
943 1543 1037 1598 Liiclre
1056 1545 1107 1600 der
1124 1545 1172 1600 114.

310 1663 343 1717 V.
358 1666 399 1716 tt.
426 1662 583 1718 invisibilis.
611 1660 730 1738 σήμερον
748 1658 847 1737 ὁρᾶται
865 1661 946 1738 rapiti
965 1660 980 1719 ὁ
1000 1662 1082 1734 φύσει
1101 1662 1228 1742 ἀόρατος.
1265 1667 1388 1722 [14425.

313 1749 346 1804 V.
361 1753 485 1804 11-19.
512 1751 570 1804 Der
586 1749 654 1804 Leib
673 1749 779 1806 Christi
802 1765 865 1804 war
882 1749 1037 1821 gleichsam
1060 1753 1105 1806 ein
1131 1754 1260 1809 Sehleier
1284 1755 1377 1809 seiner
1395 1753 1529 1823 1144414414,

221 1837 295 1892 weil
328 1838 378 1892 der
405 1837 518 1892 Menseh
551 1838 605 1890 den
634 1836 850 1891 unmittelbaren
883 1837 1005 1892 Anblielr
1036 1837 1135 1895 Gottes
1167 1835 1244 1896 nicht
1275 1849 1409 1914 ertragen
1447 1843 1528 1898 kann.

224 1924 338 1982 Ebenso
358 1925 434 1980 steht
452 1925 502 1979 der
518 1923 586 1979 Leib
603 1925 655 1978 des
673 1923 822 1980 1144441444
846 1923 889 1980 als
908 1924 1113 1982 Scheidewand
1136 1927 1279 1984 zwiselreu
1302 1931 1353 1984 der
1371 1929 1455 1984 Seele
1472 1931 1529 1985 und

225 2012 309 2081 11444,
343 2014 481 2068 wodureh
505 2013 555 2068 der
578 2012 699 2068 Anbliek
717 2012 816 2068 liottes
840 2013 1002 2068 verdiistert
1020 2013 1101 2070 wird.
1136 2015 1230 2071 Daher
1247 2015 1336 2070 heisst
1354 2016 1482 2072 Christus
1500 2016 1532 2071 in

222 2099 281 2158 den
297 2100 418 2156 Liedern
435 2104 537 2156 velatus.
549 2101 627 2170 seete,
646 2101 702 2155 und
721 2101 829 2172 Grepor.
847 2102 911 2157 Νοι.
931 2106 1003 2157 ο444.
1022 2106 1064 2158 34.
1081 2121 1107 2174 p.
1126 2107 1179 2160 544
1197 2111 1275 2178 aagt:
1303 2109 1388 2176 μέσος
1405 2101 1482 2176 ἡμῶν
1500 2123 1528 2159 τε

222 2191 272 2241 καὶ
289 2187 361 2243 θεοῦ
379 2185 395 2244 ὁ
413 2185 567 2260 σωματικὰς
591 2180 671 2251 οὗτος
690 2190 797 2244 ἵσταται
815 2187 927 2262 γνόφος.
963 2189 992 2246 S.
1009 2192 1062 2248 No.
1081 2195 1123 2260 52,
1142 2192 1185 2244 53.
1234 2190 1284 2244 Die
1308 2191 1453 2246 Oberhant
1479 2190 1532 2243 des

222 2275 374 2334 Mensohen
392 2281 478 2331 nennt
496 2275 641 2331 Tertullien.
660 2275 722 2330 adv.
740 2275 880 2331 Valentin.
898 2279 939 2332 24.
958 2279 1079 2348 pellicea
1097 2280 1197 2335 tunica
1220 2278 1302 2333 111444
1316 2275 1530 2348 Vergleiehung

221 2361 332 2417 behielt
355 2379 421 2417 man
444 2363 481 2418 im
505 2379 613 2434 ganzen
638 2363 804 2418 Mittelalter
828 2364 888 2434 bei,
916 2367 1004 2421 daher
1028 2373 1094 2439 sagt
1118 2367 1169 2422 der
1192 2367 1309 2421 Μοιιοοίι
1327 2364 1474 2420 sne-Gau
1494 2364 1529 2418 de

221 2447 332 2506 (larolo
356 2447 391 2503 tl.
415 2452 440 2517 2,
464 2451 505 2504 21.
530 2465 595 2505 vom
618 2449 696 2504 'lode
720 2451 837 2508 Christi:
866 2453 994 2509 Christus
1018 2453 1133 2510 mortali
1156 2454 1251 2510 tunica
1275 2459 1380 2508 exutus.
1421 2450 1530 2504 Wahr-

219 2537 379 2595 seheinlieh
397 2539 531 2594 beeiehen
555 2539 616 2592 siah
640 2539 717 2594 diere
734 2539 899 2596 Ausdrielre
923 2539 978 2597 441
996 2558 1038 2613 ep.
1062 2543 1144 2598 Judae
1161 2545 1203 2598 23.
1239 2541 1318 2600 114144
1343 2538 1465 2594 duriiber
1482 2538 1533 2593 bei

223 2624 281 2682 den
298 2626 523 2682 llarienliedern.
559 2625 587 2688 S.
606 2627 679 2682 oben
697 2627 749 2682 No.
769 2630 812 2696 11,
830 2629 872 2682 39.

314 2714 348 2768 V.
369 2717 493 2782 174⁰·
519 2714 583 2785 Vgl
600 2714 675 2770 uben
693 2715 746 2771 No.
763 2717 808 2784 29,
826 2718 868 2768 17.
1121 2769 1124 2778 ,

313 2800 345 2856 V.
364 2801 405 2856 26.
432 2819 548 2873 pauper.
574 2800 659 2856 Nasoi
677 2801 706 2856 in
723 2803 778 2858 hoe
795 2801 897 2857 mundo
915 2817 968 2874 per
985 2787 1087 2858 diviies
1106 2805 1209 2874 noluit,
1235 2809 1367 2876 parentes
1385 2817 1530 2874 pauperes

220 2891 320 2962 elegit
347 2891 503 2962 64494411.
521 2889 615 2945 homil.
633 2890 661 2945 in
680 2905 722 2943 ev.
742 2893 766 2958 1,
785 2893 810 2958 2,
829 2890 854 2944 6

314 2979 346 3035 V.
363 2982 404 3034 35.
431 2981 496 3035 Non
515 2957 559 3032 444
574 2977 718 3048 indignum
730 2976 883 3032 redemtori
895 2981 1004 3047 nostro,
1023 2978 1098 3048 quod
1111 2977 1217 3034 4444441
1230 2976 1330 3045 voluit,
1350 2975 1396 3046 qui
1409 2980 1530 3030 venerat

220 3068 323 3125 occidi.
346 3069 455 3141 justum
474 3065 576 3150 quippe
595 3069 665 3136 erat,
683 3068 714 3116 ut
732 3063 773 3118 sio
791 3064 961 3120 tentationes
975 3070 1088 3120 nostras
1103 3066 1161 3121 suis
1175 3065 1377 3121 tentationibus
1391 3063 1528 3131 vinceret,

220 3156 298 3211 sieut
323 3160 441 3211 mortem
473 3158 599 3210 nostram
630 3151 749 3205 venerat
780 3168 832 3206 sua
862 3157 953 3208 morte
986 3169 1129 3224 superare.
1187 3153 1296 3224 Greqor.
1326 3153 1361 3207 M.
1393 3152 1466 3206 hom.
1498 3149 1531 3204 in

219 3258 265 3299 ev.
286 3247 315 3312 1,
335 3245 385 3312 16,
405 3247 428 3298 1.

309 3326 341 3380 V.
360 3329 472 3381 49-52,
499 3325 595 3382 Stulta
613 3329 732 3398 quaestio
751 3333 795 3384 444
808 3329 932 3386 hominis
951 3335 1051 3386 eontra
1068 3330 1275 3408 oenignitatem
1293 3329 1344 3384 dei
1369 3328 1478 3400 Greqor.
1491 3329 1531 3383 M.

219 3413 553 3482 14ο441444.1,19,4.
1210 3440 1218 3454 ·

310 3501 343 3555 V.
362 3503 403 3556 63.
430 3502 468 3558 Ut
487 3501 568 3556 daret
585 3503 705 3572 pretium
722 3519 776 3574 pro
794 3504 890 3574 nobis,
909 3503 1056 3560 crucifixus
1075 3511 1132 3576 est3
1163 3511 1197 3562 ut
1213 3503 1441 3576 crucifigeretur,
1460 3519 1531 3558 oon·

218 3592 325 3646 temtus
350 3595 411 3660 444,
437 3595 470 3644 44
487 3594 726 3662 contemneretur,
756 3593 867 3648 humilis
892 3593 1030 3664 apparuit.
1066 3595 1169 3666 Anquet.
1193 3594 1223 3648 in
1247 3609 1346 3664 evang.
1369 3593 1433 3648 doh.
1451 3594 1482 3661 4,
1500 3595 1532 3646 2.

219 3677 287 3750 Vgl
305 3679 358 3732 No.
376 3679 419 3746 42,
439 3680 480 3730 11.

311 3765 343 3819 V.
362 3766 404 3821 63.
422 3763 464 3820 64.
492 3767 619 3822 Christus
638 3767 711 3822 mori
737 3767 838 3822 4414444
856 3768 935 3823 44441
953 3785 1063 3839 quoque
1081 3771 1243 3826 necessario
1261 3769 1372 3839 habuit,
1404 3774 1436 3824 ut
1452 3768 1531 3823 mori

216 3859 333 3926 posset5
368 3854 515 3908 nonenim
532 3855 604 3910 mori
622 3855 710 3924 solet,
728 3856 782 3910 nisi
801 3857 876 3928 quod
894 3857 1025 3911 nascitur.
1058 3862 1180 3912 mutuum
1198 3857 1321 3912 debitum
1339 3860 1383 3910 est
1400 3855 1475 3910 inter
1493 3871 1529 3909 se

218 3941 365 3998 4441414441
388 3957 449 3996 enm
466 3943 648 3998 mortalitate.
686 3945 831 4000 1441441144.
851 3946 885 4000 de
905 3962 989 4001 earne
1008 3947 1155 4003 Christis.

310 4030 341 4083 V.
361 4031 483 4086 65-68.
509 4031 621 4087 Ebenso
645 4031 673 4085 in
699 4031 752 4088 den
775 4033 907 4102 ilerden,
935 4034 998 4088 Det.
1016 4035 1058 4087 25.
1089 4035 1136 4091 τὸν
1163 4026 1237 4089 αἶνον
1262 4028 1384 4097 ἀναξίοις
1406 4031 1532 4098 χείλεσιν

218 4112 371 4190 deputandis·
398 4116 471 4190 αὐτῷ
497 4119 693 4194 προσάξωμεν·
729 4119 815 4192 ,δόξα
834 4121 860 4176 ἐν
879 4117 1007 4194 ὑψίστοις
1025 4119 1087 4194 θεῷ
1104 4127 1150 4177 καὶ
1170 4123 1215 4178 ἐπὶ
1233 4119 1284 4195 γῆς
1302 4116 1425 4194 meumst,
1451 4108 1531 4188 ἦλθε

215 4195 273 4282 peip
292 4201 309 4278 ἡ
327 4206 481 4282 προσδοκία
497 4205 551 4262 τῶν
569 4205 668 4263 ἐθνῶν.

306 4293 337 4348 V.
356 4297 397 4347 77.
423 4295 595 4350 sustinemus
620 4294 655 4348 ad
682 4295 901 4366 redemptionem
924 4303 1064 4368 nostram,
1096 4297 1231 4355 festinare
1250 4300 1334 4353 etiam
1352 4297 1442 4352 debeo
1460 4295 1525 4364 ipse

215 4380 255 4436 ad
272 4397 374 4436 novam
392 4383 493 4452 vitam;
520 4382 575 4436 erit
594 4383 666 4438 enim
684 4381 820 4442 beneficio
840 4386 948 4455 444414,
968 4404 1023 4457 qua
1041 4393 1215 4444 renovantur
1233 4387 1372 4442 universa
1408 4385 1436 4440 S.
1455 4386 1528 4438 Am-

213 4469 283 4525 tros.
303 4471 337 4524 de
355 4469 495 4540 interpell.
514 4469 577 4524 Job.
596 4473 621 4538 1,
639 4471 663 4523 5.

301 4557 333 4610 V.
352 4559 393 4612 81.
423 4558 548 4627 Chrytosl.
568 4558 603 4610 tle
621 4557 769 4631 Philogon.
788 4563 812 4616 3.
844 4559 977 4638 ἀντιβολῶ
994 4563 1041 4634 τὴν
1060 4565 1146 4620 οἰκίαν
1167 4562 1280 4619 ἑέιασιον
1300 4559 1454 4616 κενώσανιοι
1472 4557 1529 4629 τὴν

213 4643 321 4710 ἑαυτοῦ,
341 4646 383 4699 ῑι’να
402 4644 501 4715 ἴδωμεν
519 4641 565 4698 τὸν
584 4643 715 4718 δεσπότην
732 4643 808 4719 ἡμῶν
826 4650 871 4706 ἐπὶ
889 4649 937 4724 τῆς
950 4649 1051 4722 φάτνης
1063 4656 1193 4722 κείμενον,
1214 4647 1469 4726 ἐσπαργανώιιενον,
1488 4645 1521 4702 τὰ

206 4731 328 4806 Ἰφρικτὸν
347 4731 429 4788 ἐκεῖνο
448 4733 494 4786 καί
511 4728 671 4811 παράδοξον
689 4736 794 4808 θέαμα.
