3324 5358
223 552 241 605 2
259 553 387 604 nostrum
404 563 473 602 vere
491 548 530 616 B,
548 546 593 600 die
611 546 712 602 Lesert
729 561 787 600 von
804 547 830 602 Α
849 547 925 602 steht
943 547 1017 628 suth
1035 547 1088 602 No.
1107 549 1174 616 007,
1192 549 1235 604 ³2.
1270 549 1287 602 5
1306 563 1446 620 nunquam

137 636 193 696 fuit
209 653 260 692 neo
279 642 324 692 est
340 636 407 692 talis
422 636 460 692 0.,
488 637 593 690 10-12
612 633 710 697 leuton
727 633 756 688 in
772 633 793 690 0
812 649 860 690 so:
880 629 979 690 oonier
996 633 1065 690 mihi
1082 633 1149 690 vite
1169 635 1278 704 donum,
1298 640 1327 690 et
1346 632 1448 692 confer

138 721 220 780 finem
237 724 341 780 bonum
358 739 410 793 per
429 727 537 777 aeterna
555 720 668 778 saecula.

631 1001 717 1076 219.
750 1003 795 1074 ln
817 1001 949 1074 eadem.

137 1207 214 1276 Ave
238 1206 359 1274 Christi
382 1224 501 1291 eorpus
518 1225 648 1290 verum,
815 1213 927 1276 ,castus
951 1214 1041 1272 ortus
1063 1206 1150 1272 huno
1172 1209 1304 1292 albavit,

138 1331 201 1378 ave
223 1313 344 1376 rubens
367 1307 463 1372 duloe
485 1327 623 1390 merum,
818 1311 950 1394 sanguis
972 1309 1076 1376 fluens
1098 1311 1284 1376 rubricavit.

138 1433 214 1480 coro
237 1415 332 1496 eibos,
355 1417 484 1494 sanquis
503 1417 596 1496 potos
996 1476 1002 1490 ,
1252 1475 1258 1490 ,

138 1524 172 1582 et
193 1518 312 1599 ubique
336 1515 483 1581 Christus
506 1523 602 1581 totus.
817 1474 958 1642 {Uim
981 1476 1081 1592 ¹¹‚V0f’
1104 1475 1204 1559 plaga
1228 1473 1329 1592 Μ’,

842 1579 913 1642 olor
935 1575 1071 1662 Ghnstl,
1094 1596 1181 1642 mors
1199 1585 1265 1644 tem
1288 1597 1379 1662 mira,
1404 1579 1445 1644 10

137 1680 199 1747 Hio
221 1689 271 1746 est
293 1699 432 1766 sponsus
455 1680 645 1747 candidatos
744 1682 764 1744 5
818 1701 891 1764 quae
913 1687 958 1764 tu,
983 1681 1122 1766 Christe,
1145 1683 1322 1765 pertulisti,

138 1796 172 1853 et
194 1787 331 1854 dilectus
353 1789 551 1872 rubricatus,
817 1787 911 1850 salva
934 1803 994 1853 nos
1016 1805 1037 1852 a
1059 1805 1140 1852 neoe
1163 1786 1255 1851 tristi.

224 1973 254 2028 ln
273 1971 422 2028 derselben
440 1973 634 2028 Reiehenauer
652 1971 699 2026 Hs.
717 1967 816 2026 1209.
851 1971 890 2027 Im
908 1970 941 2025 V.
960 1973 995 2026 10
1012 1971 1086 2026 stort
1104 1967 1154 2024 das
1171 1967 1261 2024 Wort
1279 1969 1392 2038 Christi,
1411 1987 1442 2031 ee

137 2060 248 2117 soheint
265 2055 350 2114 defit
368 2061 414 2113 ein
432 2060 560 2114 Beiwort
576 2059 692 2128 bessem
725 2059 763 2113 im
780 2058 814 2113 V.
833 2060 867 2111 16
885 2057 903 2111 1
922 2059 1034 2114 salvent
1050 2057 1080 2114 in
1098 2059 1196 2130 Bezog
1213 2055 1267 2112 aui
1281 2073 1356 2128 quae,
1376 2059 1447 2114 oder

137 2148 233 2204 salvet
256 2148 292 2200 in=
303 2150 400 2218 Bezog
424 2145 478 2202 auf
501 2161 592 2214 mors,
619 2161 683 2200 was
700 2146 800 2202 beseer
817 2144 856 2200 ist
873 2145 917 2200 als
935 2146 1078 2200 Pereltele
1102 2161 1160 2202 von
1177 2161 1245 2214 nex,
1277 2143 1351 2201 deno
1368 2161 1445 2202 muse

136 2235 207 2291 eber
226 2251 308 2305 quam
326 2231 374 2290 fir
393 2249 455 2304 qeae
474 2233 580 2290 stehen.
616 2233 633 2286 3
651 2231 690 2286 ist
710 2247 761 2286 aus
779 2231 831 2286 No.
849 2233 911 2300 210,
930 2233 973 2287 00.

226 2339 259 2396 V.
279 2341 320 2394 10.
339 2342 379 2394 12.
406 2340 477 2394 Mira
494 2352 567 2394 mors
583 2335 673 2390 heisst
691 2336 742 2390 der
761 2335 823 2390 Tod
836 2335 952 2404 Christi,
969 2335 1037 2389 weil
1050 2333 1103 2390 auf
1111 2336 1160 2390 ihn
1174 2334 1219 2390 die
1233 2330 1445 2408 Auferstehung

137 2423 239 2499 iolgte,
258 2441 314 2481 nee
331 2429 409 2482 tristis
426 2423 496 2481 aber
514 2424 553 2480 ist
567 2423 622 2480 der
639 2423 733 2496 ewige
752 2423 821 2493 Tod,
840 2439 913 2480 mors
929 2424 1051 2482 seconde.
1086 2423 1115 2480 Β.
1133 2421 1264 2491 110020,
1283 2423 1309 2477 7.

347 2708 433 2782 220.
452 2687 595 2781 'Oratio
622 2709 660 2780 in
685 2706 879 2780 elevatione
905 2709 1066 2806 corporis
1093 2705 1235 2782 Christi.

137 2911 215 2981 Ave
238 2921 353 2980 saneta
374 2932 452 2979 oero
475 2910 613 2995 Christi,
818 2911 905 2976 Viva
928 2930 1020 2995 earo,
1042 2913 1143 2978 vivex
1164 2913 1265 2996 undo,
1425 2917 1445 2979 5

139 3035 213 3100 quae
235 3034 296 3101 pro
319 3017 414 3082 nobis
437 3015 581 3096 doluisti,
818 3021 854 3080 tu
876 3033 936 3079 nos
959 3017 1067 3101 selva,
1090 3025 1126 3082 tu
1147 3035 1207 3082 nos
1229 3017 1357 3102 munde,

138 3122 214 3188 dom
235 3125 270 3186 io
292 3139 383 3186 eruce
400 3121 575 3203 pependisti
818 3140 861 3183 ne
882 3137 943 3184 nos
965 3119 1074 3186 trahat
1096 3140 1183 3186 mors
1206 3121 1357 3187 seeundo.

138 3229 173 3290 et
194 3239 255 3286 nos
277 3229 382 3288 morte
406 3220 579 3286 redemisti.

225 3377 420 3465 Reieheneoer
438 3407 577 3478 Pae-fle.
595 3405 648 3464 No.
666 3408 708 3462 36.
726 3405 770 3462 131.
788 3409 875 3465 1121:
893 3411 1056 3468 Karlsruhe.

224 3531 257 3586 V.
275 3535 301 3588 7.
327 3533 405 3588 Mors
424 3531 546 3586 secunda
563 3534 593 3586 et
609 3545 688 3586 mors
705 3537 842 3604 vocator,
860 3537 890 3590 et
907 3551 989 3592 nemo
1008 3535 1049 3591 ibi
1065 3536 1200 3608 moritur,
1236 3536 1325 3592 satius
1343 3539 1373 3590 et
1389 3549 1446 3589 me·

136 3620 193 3676 lius
211 3619 336 3688 dixerim,
354 3633 435 3674 nemo
455 3619 495 3674 ibi
511 3618 592 3688 vivit,
609 3617 639 3673 in
658 3619 806 3676 doloribus
826 3623 899 3678 enim
916 3624 1014 3679 vivere
1032 3639 1090 3678 non
1108 3627 1152 3678 est
1164 3623 1271 3678 vivere.
1298 3622 1444 3691 8109001.

137 3721 219 3763 sem
237 3709 299 3776 307,
318 3709 343 3761 5.
378 3707 450 3762 Post
466 3709 585 3762 mortem
603 3705 721 3774 primam
738 3723 814 3762 mors
834 3710 970 3780 secunde,
987 3711 1017 3765 id
1035 3713 1093 3780 est,
1117 3713 1320 3780 postmortem
1337 3713 1445 3778 tempo·

137 3795 228 3851 ralem
244 3810 322 3850 mors
340 3794 518 3865 sempiterna.
544 3795 723 3856 Idemeerm..
734 3797 797 3866 231,
808 3800 833 3852 2.
864 3798 974 3868 Apoool.
990 3801 1017 3869 0,
1036 3801 1077 3852 11.
1093 3799 1137 3866 20,
1151 3798 1175 3852 0.
1191 3798 1232 3850 14.

158 4076 247 4152 221.
275 4075 402 4151 Oratio
429 4080 571 4150 metrice
592 4073 786 4177 composite
812 4082 849 4151 in
871 4079 1065 4152 elevatione
1089 4082 1249 4180 eorporis
1274 4078 1417 4154 Christi.

312 4245 439 4332 corpus
462 4267 524 4313 eve
547 4249 670 4315 clarum
693 4250 827 4334 domini,
853 4251 940 4335 quod
961 4269 1027 4316 nox
1049 4252 1256 4331 tenebrarum

311 4349 417 4415 fuscat
439 4351 608 4435 nullarum,
632 4353 723 4419 oibus
746 4372 782 4418 es
806 4361 839 4418 et
860 4355 917 4420 lux
940 4356 1126 4420 animarum.

311 4452 398 4517 dilue
421 4453 588 4537 culparum
610 4455 741 4541 sordes,
764 4476 899 4542 precor,
924 4459 1166 4542 omnigenarum

310 4563 344 4620 et
366 4557 420 4623 feo
443 4575 637 4624 summarum
660 4561 732 4627 fore
756 4561 872 4646 dignos
896 4561 1092 4628 delioiarum.

309 4657 413 4725 Salve
435 4670 550 4728 saneta
571 4682 667 4748 earo,
689 4672 723 4729 te
745 4685 830 4732 nuno
851 4666 1002 4750 indignus
1026 4667 1139 4749 adoro,

307 4772 418 4832 ntme
442 4765 589 4852 digneris
608 4768 643 4835 in
664 4773 810 4854 tempore
832 4791 969 4854 pascere
991 4771 1120 4837 mortis..
