3316 5358
1379 330 1450 404 bod

137 517 232 586 Inte
255 517 350 586 durat
372 519 542 606 longitudo
818 515 912 585 Nuno
934 519 1076 590 libenter
1099 543 1139 591 ao
1162 525 1332 591 ferventer

183 623 371 708 sempiterni
392 625 562 710 temporis,
861 623 1011 690 laborum
1032 627 1083 692 ier
1106 645 1223 713 onera,
1404 629 1450 698 oo

136 746 212 810 quae
234 728 333 812 plena
354 730 522 796 beatitudo
818 720 943 794 habeas
969 736 1005 794 ut

180 831 349 898 reformati
371 835 536 918 eorporis,
721 832 764 897 80
862 830 949 898 dona
971 839 1037 897 tam
1059 833 1235 918 magnifica

136 931 172 998 in
193 932 257 998 bae
278 953 341 1016 par
362 935 537 1000 similitudo
818 932 1006 1017 deterisque
1029 936 1212 1004 luculenter

180 1037 358 1122 redemptis
381 1045 415 1103 et
437 1039 573 1122 augelis.
860 1037 968 1122 glorid
995 1035 1167 1123 perpetub.

134 1195 283 1282 dquam
304 1217 384 1265 vere
406 1199 586 1284 gloriosum
816 1199 972 1268 neurus·
986 1202 1174 1286 gloritiouta
1258 1237 1261 1244 ·
1404 1205 1450 1274 95

182 1302 248 1366 eris
270 1321 390 1387 eorpus
412 1304 547 1390 fragile,
861 1308 903 1372 sit
924 1311 1022 1376 beata
1043 1311 1187 1396 trinitas,

134 1423 209 1470 oum
231 1403 332 1470 tueris
355 1413 420 1472 tam
443 1407 632 1492 formosum,
720 1405 763 1473 8⁵
816 1428 924 1492 aqua
948 1408 1089 1476 caelestis
1110 1407 1246 1478 fundata

181 1505 282 1590 torte,
305 1527 433 1593 sanum,
457 1509 559 1592 agile,
860 1511 1043 1578 Jerusalem
1066 1511 1196 1596 eivitas,

133 1607 282 1693 liberam,
305 1610 550 1696 voluptuosum,
816 1613 850 1677 iu
873 1629 937 1694 qua
959 1613 1021 1678 sibi
1041 1611 1248 1696 trequeutata

177 1713 212 1778 ia
233 1732 339 1779 sevum
362 1715 519 1784 durabile.
860 1715 903 1780 'sit
923 1715 1029 1784 laudis
1050 1718 1259 1784 immorantes.
1382 1717 1451 1786 too

222 1897 270 1952 Hs.
288 1915 323 1954 ιο
340 1897 509 1969 Karlsruhe,
528 1899 600 1956 obne
618 1895 758 1969 Numnam,
776 1899 828 1956 mit
846 1899 897 1956 der
915 1897 1048 1971 llelodie,
1067 1904 1102 1956 15
1120 1901 1218 1958 Jahrb

221 2012 257 2066 to
275 2027 328 2066 neo
346 2043 378 2054 -
397 2029 450 2068 nee
463 2014 511 2068 lis.
548 2017 583 2068 52
602 2015 650 2070 Ηε.
668 2018 741 2072 ohne
759 2016 862 2072 Liiolre.
886 2015 948 2074 Ani
963 2016 1025 2072 dem
1038 2015 1135 2073 Raude
1152 2019 1229 2074 steht
1246 2031 1304 2072 von
1321 2013 1448 2074 auderet

133 2097 230 2152 fland:
250 2095 385 2152 delectus.
412 2100 447 2152 63
460 2091 508 2152 lis.
523 2097 656 2170 debitum,
674 2109 747 2158 oorr.
765 2119 824 2160 von
842 2104 963 2161 anderen
981 2101 1062 2161 aaut
1079 2095 1197 2162 libitum.
1223 2105 1258 2160 55
1276 2095 1443 2161 defidalis.

129 2185 168 2239 91
188 2181 260 2238 fehlt
279 2183 324 2239 ein
342 2185 440 2254 Wort,
459 2182 532 2240 ohne
551 2184 652 2240 nacke.

221 2288 254 2343 V.
274 2289 298 2342 1.
323 2287 496 2358 Jerusalem,
524 2287 658 2345 darunter
681 2281 755 2344 mirri
780 2290 918 2345 unweilen
937 2290 988 2345 das
1005 2287 1181 2347 bimmlisebe
1198 2291 1369 2348 nmstanden
1386 2294 1446 2354 und

130 2375 186 2431 das
213 2376 337 2432 irdisehe
349 2377 536 2449 ,Jerosolyma
561 2383 699 2452 genum,
726 2377 1055 2450 summasunmna
1073 2379 1154 2450 epist.
1173 2381 1198 2450 8,
1218 2381 1260 2438 15.
1290 2379 1397 2438 Hieron.
1415 2380 1450 2442 in

134 2464 269 2538 vigilant
289 2467 331 2520 1J.
986 2523 988 2530 ,

223 2553 256 2608 V.
273 2555 298 2608 2.
325 2552 404 2626 pacis
431 2552 512 2609 visio.
550 2552 652 2609 civitas
678 2552 853 2624 Jerusalem,
884 2553 914 2608 id
940 2540 1083 2608 est'visio
1110 2551 1197 2624 pacis.
1231 2551 1340 2624 (ἕτερον.
1357 2555 1394 2610 Ji.
1411 2553 1445 2614 in

132 2639 234 2697 Eueoh.
252 2643 277 2711 1,
297 2639 339 2711 12,
357 2641 401 2696 23.
419 2636 450 2698 S.
467 2637 519 2698 No.
539 2643 601 2713 251,
620 2643 645 2698 1.
680 2639 858 2719 Ἰερουσαλὴμ
876 2637 1049 2718 ἑρμηνεύεται
1067 2637 1167 2717 ὅρασις
1182 2637 1296 2719 εἰρήνης.
1322 2629 1447 2700 adunas

132 2727 162 2782 in
179 2727 278 2798 psalm.
295 2729 339 2797 65,
356 2731 381 2784 2.

222 2816 256 2871 V.
275 2817 400 2872 13-18.
430 2817 487 2872 Per
504 2817 680 2888 psalmistam
699 2817 816 2874 dieitur:
844 2818 1018 2889 Jerusalem,
1036 2834 1099 2889 ηοω
1118 2813 1274 2874 edificator
1291 2819 1323 2873 ut
1341 2817 1446 2874 civitas

133 2905 192 2974 (ps.
211 2905 271 2973 121,
288 2905 330 2974 3).
366 2904 432 2975 quia
450 2906 553 2960 etenim
570 2903 622 2961 ilia
639 2907 759 2961 internae
778 2906 857 2977 panis
876 2905 951 2962 visio
969 2921 1005 2960 ex
1022 2910 1185 2961 sanatorum
1203 2905 1305 2960 civium
1322 2919 1447 2977 congre·

134 2991 250 3063 gatione
269 2992 457 3062 eunsmuitur,
476 2993 634 3049 Jerusalem
652 2995 777 3050 caelestis
795 2999 827 3050 ut
844 2995 946 3050 civitas
964 2990 1128 3062 aedificatur,
1147 3009 1210 3064 quae
1228 2999 1322 3049 εεοιεα
1339 2992 1369 3048 iu
1386 2993 1446 3052 bno

130 3079 374 3150 vperegrinationis
392 3085 470 3136 terra
488 3081 552 3136 dum
569 3078 694 3152 flagellis
712 3081 883 3152 percutitur,
902 3080 1133 3136 tribulationibus
1152 3081 1291 3150 tunditur,
1315 3081 1379 3153 ejas
1396 3080 1443 3136 la·

128 3164 214 3236 pides
238 3166 363 3236 quotidie
387 3167 568 3238 quadrantur.
602 3169 638 3224 Et
661 3168 725 3239 ipsa
747 3173 792 3223 est
815 3167 930 3237 civitas,
959 3167 1069 3230 scilieet
1092 3172 1191 3222 saneta
1214 3166 1348 3235 ecelesia,
1375 3180 1442 3238 quea

126 3257 289 3325 *regnatura
302 3254 331 3308 iu
346 3253 418 3310 eaelo
431 3256 521 3310 adhue
533 3255 650 3311 laborat
663 3255 693 3310 in
706 3241 794 3312 terra.
812 3288 844 3298 —
865 3256 933 3322 011ae
952 3255 1053 3310 civitas
1071 3255 1157 3310 babet
1174 3255 1221 3309 bie
1234 3255 1263 3310 in
1276 3258 1442 3310 sanctorum

127 3340 259 3395 moribus
282 3355 413 3412 maguum
431 3341 494 3414 jam
513 3338 658 3397 aedilicium
677 3359 765 3398 auum.
797 3342 827 3397 in
845 3338 964 3397 aedifioio
983 3343 1085 3414 quippe
1103 3343 1177 3413 lapis
1195 3335 1319 3414 lapidem
1336 3343 1445 3413 portat.

126 3429 200 3498 -quia
217 3428 291 3498 lapis
309 3445 396 3500 super
412 3429 536 3500 lapidem
553 3429 675 3500 ponitur,
694 3434 724 3484 et
742 3429 789 3501 qui
806 3433 905 3502 portat
923 3427 1051 3498 alterum,
1069 3435 1201 3501 portatur
1219 3431 1255 3485 ab
1274 3429 1375 3486 altero.
1399 3428 1445 3484 sio

126 3516 164 3570 in
188 3521 287 3570 saneta
310 3515 433 3570 ecelesia
454 3517 643 3588 unusquisque
667 3521 697 3572 et
720 3521 819 3587 portat
841 3515 961 3571 alterum
987 3507 1017 3570 et
1033 3518 1165 3587 portatur
1183 3511 1219 3572 ab
1238 3515 1345 3587 alteru,
1376 3529 1444 3572 nam

127 3604 258 3658 vicissim
278 3620 309 3658 se
327 3603 448 3674 proximi
461 3603 594 3674 tolerant,
612 3609 643 3660 ut
660 3619 713 3675 per
730 3621 780 3660 ees
799 3604 927 3660 caritatis
946 3599 1092 3659 aedifieium
1110 3607 1218 3676 surgat.
1236 3606 1346 3676 (ἕτερον.
1360 3603 1395 3659 Ji.
1409 3603 1444 3661 in
1493 3675 1495 3680 Ι

126 3691 231 3749 Enoch.
249 3695 276 3762 2,
293 3695 319 3761 2,
338 3694 363 3746 5.
390 3692 419 3748 S.
437 3693 490 3746 No.
508 3694 570 3761 251,
588 3695 613 3747 2.
648 3694 747 3764 ἔχομεν
775 3692 805 3747 di
830 3691 858 3746 ἐν
882 3691 988 3754 denseta
1012 3695 1057 3746 sut
1081 3693 1146 3765 ηῆν,
1177 3684 1210 3763 ἢν
1225 3690 1282 3766 ’χρὴ
1300 3697 1442 3766 μεωρμεα,

132 3781 178 3834 καὶ
187 3776 273 3848 πόλιν,
290 3775 322 3850 ἦν
336 3780 379 3835 δεῖ
391 3779 551 3852 οἰκοδομεῖν,
565 3783 640 3856 εἴπερ
654 3779 735 3854 ἐσμὲν
749 3777 822 3836 θεοῦ
834 3783 963 3855 μεωρηία,
981 3778 1054 3835 θεοῦ
1072 3776 1203 3852 οἰκοδομή
1221 3782 1252 3850 (1
1271 3779 1336 3838 Cor.
1353 3781 1380 3850 3,
1399 3780 1444 3850 9).

133 3867 253 3938 Oripem's
268 3868 318 3922 sel.
333 3867 362 3922 in
377 3867 474 3924 Ezeolu
490 3871 515 3924 9.
533 3865 608 3931 ὄντες
626 3869 706 3924 λίθοι
723 3866 793 3924 ναοῦ
809 3866 924 3944 πατρὸς,
937 3862 1132 3940 ἡτοιμασμένοι
1150 3869 1189 3930 εἰς
1206 3863 1353 3940 οἰκοδομὴν
1370 3861 1447 3922 θεοῦ

132 3953 248 4029 πατρὸς,
268 3951 467 4029 ἀναφερόμενοι
485 3958 524 4018 εἰς
542 3953 576 4010 τὰ
594 3953 650 4030 ῦηνη
669 3953 716 4010 διὰ
734 3954 782 4027 τῆς
799 3954 923 4028 μηχανῆς
940 3951 1027 4026 Ἰησοῦ
1038 3953 1171 4036 Χριστοῦ,
1190 3951 1206 4008 ὅ
1226 3950 1298 4010 ἐστιν
1316 3949 1447 4030 σταυρὸς,

133 4047 246 4114 σχοινίῳ
264 4040 402 4118 χρώμενοι
419 4041 458 4114 τῷ
476 4041 610 4115 πνεύματι
627 4039 667 4114 τῷ
685 4040 770 4117 σῖηίῳ·
797 4040 814 4113 ἡ
833 4043 864 4096 δὲ
881 4047 974 4104 πίστις
990 4038 1069 4114 ὑμῶν
1087 4033 1244 4116 ἀναμωηεῦς
1262 4035 1353 4113 σμῦν,
1372 4037 1391 4112 ἡ
1408 4038 1444 4094 dd

132 4126 226 4204 ἆμάιιη
252 4129 319 4193 ὁδὸς
343 4128 360 4202 ἡ
388 4129 567 4208 ἀναφέρουσα
586 4132 624 4194 εἰς
642 4127 726 4186 θεόν·
760 4130 821 4185 ἐστὲ
839 4121 887 4185 οῦν
905 4132 950 4184 καὶ
969 4125 1081 4184 σύνοδοι
1099 4124 1210 4194 πάντες,
1238 4125 1377 4204 θεοφόροι
1394 4126 1445 4184 καὶ

131 4216 275 4293 ναοφόροι,
293 4217 485 4295 χριστσφόροι,
504 4215 665 4294 ἆμνσφόρσι.
696 4215 725 4273 Β.
743 4217 827 4288 Ipnoi.
845 4233 888 4288 ep.
906 4217 944 4272 ad
960 4215 1060 4286 Ephes.
1079 4216 1104 4270 9.

221 4308 253 4364 V.
271 4311 306 4364 25
324 4305 373 4381 fig.
400 4310 524 4381 Cyprium.
544 4309 579 4363 de
596 4307 681 4362 laude
698 4306 828 4378 martyrii
845 4321 872 4376 p.
890 4306 950 4359 623.
977 4301 1140 4359 besobreibt
1157 4303 1211 4358 den
1229 4299 1347 4357 ilimmel
1364 4300 1440 4357 nael!

131 4396 273 4454 irdisoheu
291 4396 407 4452 Bildoru
424 4395 502 4452 also:
523 4395 616 4450 omnia
634 4394 694 4448 illie
711 4410 769 4450 non
787 4389 908 4464 frigoris
926 4405 978 4447 nee
996 4391 1121 4461 ardoris,
1139 4405 1192 4446 neu
1209 4394 1240 4446 nt
1257 4389 1287 4444 in
1304 4391 1440 4443 autumo

131 4501 203 4541 arva
220 4485 411 4556 requiescant,
441 4489 490 4540 aut
508 4483 609 4539 iterum
627 4497 695 4537 vere
712 4497 789 4537 novo
807 4479 893 4534 tellus
911 4476 1033 4534 fecunda
1050 4477 1205 4548 parturiat;
1239 4474 1320 4530 unius
1339 4476 1443 4530 cuneta

132 4577 197 4628 sunt
215 4573 361 4642 temporis,
378 4572 459 4627 auius
478 4587 563 4642 poma
581 4567 711 4625 feruntur
730 4567 853 4636 aestatis,
871 4567 974 4638 quippe
993 4582 1055 4621 oum
1073 4580 1124 4619 nee
1138 4559 1277 4618 mensibus
1295 4560 1353 4616 auis
1371 4563 1441 4616 tuno

132 4660 200 4715 luna
217 4660 371 4730 deserviat,
398 4675 450 4715 nee
467 4676 519 4730 per
537 4659 672 4714 horarum
690 4652 736 4712 sol
753 4660 893 4711 momenta
911 4655 1057 4722 decurrat,
1086 4648 1135 4707 ant
1152 4651 1182 4704 in
1199 4649 1312 4705 noctem
1327 4647 1378 4704 lux
1394 4643 1442 4704 iar

130 4751 201 4817 gata
219 4747 365 4804 concedat.
390 4748 477 4803 habet
494 4745 620 4819 populos
638 4737 717 4818 buitta
735 4743 817 4815 laeta,
841 4741 923 4798 sedes
942 4745 1020 4799 tenet
1037 4739 1157 4812 plaeida.

1158 4826 1231 4898 28*
