3316 5358
196 329 263 396 m

196 518 259 586 oei
281 540 323 584 ex
344 517 521 603 praesentia
877 509 1065 578 Potestaten
1086 511 1213 582 viribus

241 621 321 686 estis
342 619 503 684 illustrata
921 613 1087 682 daemones
1110 635 1228 682 aroere

196 721 359 810 plenique
382 717 517 787 seientia
879 718 1001 803 solent,
1022 739 1065 786 ne
1087 719 1270 790 homiuibus

243 822 399 890 cherubin
421 821 533 903 beate3
783 816 826 880 20
922 830 1042 906 queant
1062 823 1263 907 praevalere3

198 945 260 1010 per
281 941 342 989 vos
365 921 565 988 conscientie
878 924 931 990 ne
944 945 1005 994 *me
1026 925 1120 990 melis
1141 927 1281 993 motibus

243 1027 302 1093 liat
323 1035 474 1092 serenata
922 1028 1044 1094 laoieut
1065 1044 1182 1095 oerere

201 1131 318 1214 deique
340 1131 454 1196 notitia
879 1149 1009 1216 semper
1031 1139 1065 1196 et
1087 1131 1257 1200 affeotibus

244 1233 320 1298 milri
344 1233 437 1298 detur
460 1239 566 1316 grato.
922 1237 1012 1319 puris
1037 1235 1207 1301 inhaerere.

201 1421 344 1488 chorum
367 1423 452 1488 datis
475 1423 603 1489 tertium
785 1425 828 1488 25
880 1421 964 1489 Hirro
984 1424 1122 1490 virtutes
1144 1425 1237 1491 varia

245 1527 353 1592 throni
375 1525 463 1590 sedis
486 1525 553 1610 dei,
924 1526 1019 1610 sigua
1038 1534 1229 1611 operantur,

201 1631 287 1698 unde
310 1633 348 1696 lit
365 1630 524 1714 judioium
880 1647 941 1712 per
964 1647 1037 1710 quae
1060 1636 1093 1692 et
1115 1627 1267 1712 prodigia

242 1736 324 1818 justi
345 1743 442 1817 atque
464 1735 513 1800 rei
519 1753 529 1817 3
925 1733 1006 1796 mira
1027 1737 1258 1816 perpetrentur
1264 1753 1274 1816 3

203 1839 300 1902 animi
321 1838 495 1921 hospitium
748 1823 754 1837 '
881 1853 942 1918 per
965 1834 1025 1898 has
1048 1836 1081 1899 iu
1103 1855 1154 1900 me
1177 1837 1256 1901 vitia

246 1940 463 2006 ooudeoenter
485 1939 549 2004 mei
787 1939 829 2003 ³0
925 1945 1041 2002 ounote
1063 1941 1276 2024 subruentur,

203 2041 336 2126 dignum
358 2042 390 2106 iu
414 2043 585 2108 trioliuium
880 2041 1035 2106 virtutum
1056 2041 1197 2124 iusignia

247 2146 442 2232 praeparetis
466 2147 505 2210 ei.
925 2152 1021 2228 grata
1045 2147 1235 2212 tribuentur.

203 2337 349 2404 Subditis
371 2337 536 2421 spiritibus
882 2331 987 2400 sacer
1004 2343 1127 2419 praeest
1144 2338 1291 2420 pluribus

246 2441 482 2538 dominationes
926 2456 1010 2519 grex
1033 2437 1319 2522 eroheugelorum,

200 2554 362 2632 praesunt,
386 2546 465 2611 dant
486 2547 663 2614 minoribus
780 2546 828 2608 35
882 2541 937 2622 qui
959 2549 1034 2605 sunt
1055 2542 1088 2606 in
1112 2543 1290 2627 majoribus

245 2649 497 2715 ministrationes
925 2647 1026 2710 nuntii
1049 2648 1217 2732 eaelomm3

202 2756 318 2822 animae
339 2755 527 2838 virtutibus3
881 2769 943 2836 per
964 2749 1025 2830 hos
1046 2753 1264 2820 intellectibus

246 2857 299 2922 hee
321 2857 540 2942 subjectiones
925 2851 1044 2936 iungar
1067 2853 1262 2939 divinorum,

206 2960 333 3026 debitas
356 2967 389 3024 et
410 2960 534 3025 viribus
883 2963 1002 3039 expost
1023 2956 1117 3022 bonis
1140 2959 1286 3026 omuibus

248 3062 371 3127 d‘oneut
394 3063 546 3128 notiones.
787 3063 829 3126 lo
926 3058 1017 3124 fruar
1038 3078 1260 3144 supernorum.

203 3252 371 3335 Justisque
394 3251 575 3318 hominibus
883 3249 1088 3336 Angelorum
1111 3253 1243 3336 spiritus

246 3363 393 3441 praesuut
414 3356 615 3439 prinoipatus
927 3353 1059 3418 multum
1081 3355 1175 3420 uobis
1198 3355 1298 3440 grati,

205 3467 239 3524 et
261 3477 374 3523 eorum
396 3458 521 3524 aotibus
885 3455 1020 3538 singulis
1043 3454 1195 3521 divinitus

247 3563 391 3627 tribuunt
414 3569 565 3644 oouetus,
927 3559 1006 3628 estis
1029 3558 1190 3645 deputati,

204 3684 266 3749 per
288 3665 349 3728 hos
371 3665 465 3730 bonis
486 3665 630 3731 moribus
789 3665 831 3728 lo
884 3681 945 3745 per
967 3677 1028 3724 vos
1051 3679 1180 3746 semper
1201 3664 1329 3748 penitus

249 3784 378 3849 semper
403 3766 571 3831 ordinatus
928 3765 1025 3828 simus
1047 3766 1234 3848 gubernati,

206 3870 326 3934 sanetis
349 3876 382 3933 et
405 3871 557 3954 operibus
883 3875 959 3952 post
982 3868 1068 3934 hano
1089 3869 1190 3933 vitam
1212 3869 1337 3935 coelitus

249 3971 379 4037 tandem
401 3975 461 4037 sim
482 3976 606 4040 beatus.
926 3972 1021 4036 vobis
1043 3973 1165 4038 sociati.
1202 3993 1304 4038 amen.
1468 3975 1514 4040 80

293 4176 340 4232 lis.
359 4193 394 4231 uu
410 4175 554 4246 llinohen,
573 4175 641 4234 olm.
660 4177 738 4230 3012.
756 4170 807 4232 fol.
826 4176 869 4230 ll.
888 4176 922 4228 15
940 4173 1039 4232 Jehrh.

293 4298 400 4371 Obiges
416 4298 498 4370 Lied,
525 4300 581 4353 wie
598 4301 672 4356 auoh
688 4300 741 4356 No.
761 4300 834 4370 306,
860 4295 939 4371 folgt
961 4298 991 4353 in
1014 4297 1066 4353 der
1084 4297 1246 4372 Erkl'erung
1264 4297 1316 4353 ‹ler
1333 4297 1515 4370 Engelolrliro

205 4385 315 4457 Greoor.
330 4388 366 4442 ll.
379 4388 453 4442 hom.
471 4387 500 4442 iu
519 4404 619 4460 evang.
638 4393 665 4459 2,
683 4391 726 4459 34,
746 4390 788 4444 1o.
806 4388 932 4443 weleher
950 4393 1029 4460 negt:
1053 4387 1161 4443 Virmtm
1176 4390 1315 4442 vocentur
1328 4385 1373 4440 illi
1386 4386 1515 4457 spiritus,

205 4487 258 4543 per
282 4490 353 4544 quos
378 4475 461 4547 signe
484 4479 515 4531 et
536 4475 674 4532 miracula
697 4473 872 4547 frequentius
895 4470 973 4530 flunt
1007 4477 1146 4545 potestates
1162 4477 1303 4530 vocentur
1320 4473 1364 4543 hi,
1392 4473 1440 4543 qui
1457 4474 1516 4529 hoo

206 4561 350 4630 potentius
369 4563 471 4618 ceteris
489 4564 518 4618 in
535 4579 588 4620 suo
607 4563 705 4620 ordino
722 4566 924 4634 poroeperuut,
955 4566 988 4618 ut
1010 4577 1109 4617 eornm
1127 4560 1227 4618 ditioni
1243 4560 1364 4618 virtutes
1382 4561 1516 4616 adversm

206 4645 344 4719 subjecte
363 4650 429 4719 siut,
447 4667 565 4721 quornm
581 4655 725 4722 potestate
742 4647 942 4720 refraenentur,
959 4665 995 4706 ne
1014 4649 1102 4706 eorde
1118 4649 1261 4707 homiuum
1277 4651 1385 4706 mutum
1401 4652 1516 4707 tenure

202 4735 397 4810 praevaleant,
416 4742 548 4809 qnantum
565 4738 680 4798 volunt·
697 4740 861 4812 ommipotm
878 4737 963 4798 etiam
980 4741 1127 4812 vocantur,
1145 4737 1193 4811 qui
1209 4736 1281 4814 ipsis
1300 4751 1411 4812 quoque
1428 4733 1516 4794 bonis
