3282 5370
175 523 431 608 Reconciliator,
708 528 751 594 30

178 631 306 713 asylum
328 648 470 715 spesque
489 631 561 698 sola
582 649 729 716 reorum,

176 733 340 816 inspirans
364 733 546 802 dediticiam

176 843 213 900 tu
235 835 489 914 contessionem,
512 837 563 902 ier
584 835 693 920 nobis,

178 939 353 1024 paraclite,
375 941 651 1026 propiciationem.

124 1143 156 1206 5.
180 1141 227 1206 'lu
235 1160 371 1224 magnus
386 1143 512 1228 respice
522 1143 689 1228 parvulos,
709 1144 751 1208 35

181 1243 352 1326 archiater,
376 1261 435 1308 nor
457 1243 665 1326 morbidulos,

178 1380 222 1447 Et
245 1389 356 1446 contra
377 1383 489 1446 mortis
512 1382 673 1466 poterium

180 1484 258 1548 vitae
279 1485 456 1569 propinans
480 1485 666 1552 antidotum.

125 1697 156 1759 6.
183 1692 231 1757 'l'u
253 1699 338 1758 totus
361 1693 572 1777 desiderium,

177 1795 267 1878 honi,
291 1797 388 1860 totius
410 1797 541 1880 generis
709 1797 751 1862 40

178 1901 458 1983 generalissimum

176 2003 417 2086 gaudimonium

177 2113 213 2168 tu
236 2123 332 2186 quam
354 2105 521 2169 verissime

174 2191 438 2292 hyperbolicum,

179 2314 317 2395 solaque
340 2319 374 2376 tu
398 2307 543 2406 scuppla
709 2313 752 2406 45

175 2417 337 2498 clemens,
360 2416 406 2480 tui
427 2433 487 2480 nos
509 2415 620 2494 intima

175 2538 277 2603 pasce
301 2517 437 2608 θεωρίᾳ.

179 2676 267 2740 Θεοῦ
288 2667 397 2739 πάντα
417 2665 560 2760 ἐλεήμων

176 2773 295 2868 ἄφεσις
317 2773 524 2860 benignicula

174 2876 300 2949 τούτων
321 2876 497 2968 ἁμαρτιῶν,
709 2883 750 2947 50

123 3053 125 3060 .
176 2988 420 3052 sanctimonium

179 3089 288 3170 dulce,
308 3087 503 3172 jocundule,

179 3201 215 3257 tu
238 3192 379 3274 deliciae,

177 3305 292 3380 portus
314 3298 430 3380 quietis
452 3297 561 3380 unice,

177 3396 277 3487 ἀρχὸς
301 3409 430 3484 patrum
453 3409 486 3464 et
508 3401 655 3485 optimas,
710 3402 751 3462 55

178 3499 310 3588 ἐλέησον
331 3496 426 3589 ἡμᾶς.

119 3717 154 3780 7.
178 3712 221 3778 Et
243 3715 388 3778 tursolus
411 3716 465 3797 qui
487 3713 614 3781 fortiter
648 3775 654 3786 ,
728 3731 737 3748 “

178 3818 751 3903 crucistorculartristequepraelum,

177 3923 229 3984 vir
240 3921 440 4003 degentibus
454 3923 624 4006 nullusque
634 3930 749 4006 tecum,

1367 344 1438 414 stt

855 526 1434 616 idemipsebotruseleganstiypritd

857 629 1103 716 rubicundulus,
1127 633 1279 718 calcasti,

855 733 970 798 bibens
993 735 1161 800 nobiscum
1182 745 1293 822 potum
1315 745 1348 804 te

856 837 949 904 nobis
972 837 1086 922 ipsum,
1109 839 1155 905 tui

855 929 906 1002 ier
928 939 1030 1022 patris
1053 940 1086 1004 in
1104 957 1217 1024 regno.

856 1075 925 1142 Fac
947 1094 1007 1141 nos
1029 1077 1115 1143 culix
1137 1077 1290 1161 inebriet,
1389 1077 1433 1142 65

855 1197 917 1262 per
940 1196 1033 1260 quem
1056 1179 1195 1262 optimus
1217 1179 1404 1246 sobrietatis

856 1279 1047 1362 spiritalium
1070 1278 1249 1344 dulcedinis

856 1391 1052 1448 aeternorum
1075 1383 1166 1448 muse
1189 1381 1370 1450 dilectionis

857 1487 1045 1572 sophiaeque
1068 1487 1234 1571 salutaris,

857 1609 920 1674 quo
941 1591 1017 1654 vitis
1039 1589 1167 1656 Sorech
1188 1590 1338 1675 palmites
1383 1589 1428 1656 ’10

855 1695 980 1760 hactus
1000 1695 1112 1780 plures
1130 1695 1220 1761 terre

857 1815 1011 1882 queamus
1033 1798 1191 1880 laetantes.

803 1923 834 2030 0.
857 1963 925 2030 Nos
948 1973 983 2030 ut
1006 1963 1207 2029 immolantes

856 2068 903 2132 tui
925 2067 1090 2150 sanguinis
1113 2065 1199 2132 sacri

856 2169 914 2236 tibi
936 2171 1084 2236 rubentia
1388 2166 1434 2230 ‘15

855 2283 961 2340 musta
983 2273 1115 2340 cottidie

855 2375 1107 2442 mundicorditer
1130 2383 1164 2440 et
1184 2375 1294 2440 intime

857 2483 976 2548 nudam
998 2503 1127 2548 crucem
1146 2482 1267 2548 nudula

858 2590 1039 2674 bajulemus
1062 2607 1161 2653 carne
1184 2594 1217 2652 et
1239 2588 1295 2674 νῷ.

858 2727 968 2812 Teque
991 2726 1057 2792 dux
1079 2744 1251 2808 sequamur
1386 2725 1433 2796 80

856 2839 972 2916 sponte
994 2829 1192 2912 voluntaria,

856 2954 921 3001 non
944 2939 1023 3002 abre
1045 2943 1081 3000 ut
1103 2932 1215 3000 Simon

856 3049 890 3104 et
911 3040 944 3102 in
967 3040 1117 3122 angaria,

847 3143 965 3207 mundo
988 3163 1106 3207 revera
1128 3141 1294 3208 moriendo

856 3249 977 3330 tibique
1000 3265 1069 3331 nos,
1092 3265 1157 3310 non
1179 3247 1282 3328 nobis,
1382 3246 1429 3312 85

856 3372 938 3415 vera
958 3351 1035 3435 vita,
1058 3359 1133 3436 post
1155 3353 1229 3419 haec
1245 3351 1406 3435 vivendo;

804 3517 834 3579 0.
858 3515 904 3579 Te
928 3514 1070 3599 Christe,
1093 3525 1205 3581 noster
1226 3515 1398 3599 crucifixe,
1440 3471 1453 3487 ι

855 3627 1032 3701 praestante
1054 3627 1111 3682 tua
1132 3620 1255 3702 pietate

856 3721 966 3806 nimia,
990 3720 1044 3802 qui
1066 3719 1246 3802 redemptio

855 3822 926 3885 sola
948 3829 1079 3902 totaque
1101 3825 1213 3884 nostra
1234 3827 1270 3884 tu
1385 3821 1431 3888 90

855 3923 1040 4006 propicians
1063 3939 1099 3984 es
1121 3922 1350 3991 misericordia.

214 4107 261 4162 lls.
283 4124 317 4161 zu
336 4109 471 4162 Minthen
489 4107 557 4165 olm.
572 4109 664 4163 14845.
683 4105 753 4163 fios.
772 4109 929 4164 1010111.1
947 4107 997 4162 Die
1016 4109 1169 4180 gemischte
1189 4111 1315 4182 Sprache
1334 4111 1431 4168 dieser

123 4193 254 4262 Sequens
272 4192 391 4248 beweist
409 4195 505 4263 sehon,
524 4195 589 4249 dass
608 4195 649 4249 sie
667 4196 739 4250 nach
758 4195 952 4266 griechischen
970 4195 1094 4252 llustern
1112 4200 1242 4270 gemacht
1259 4200 1309 4269 ist,
1328 4199 1430 4256 womit

122 4281 197 4336 auch
223 4280 278 4336 die,
291 4280 391 4352 iibrige
410 4281 659 4352 Behaudlungsart
683 4281 908 4338 iheruinstirnmt.
944 4282 1000 4342 Die¹
1013 4285 1209 4356 griechischen
1226 4287 1347 4343 W'o‘rter
1363 4287 1428 4344 sind

122 4367 181 4422 alle
199 4367 250 4422 mit
267 4357 451 4423 lateinischen
469 4370 647 4424 Buchstaben
666 4371 859 4441 geschrieben,
882 4372 978 4427 wobei
996 4372 1046 4428 das
1065 4397 1079 4445 η
1098 4375 1186 4430 durch
1203 4393 1223 4448 y
1238 4375 1430 4447 ausgedriicht

122 4457 174 4525 ist,
199 4456 324 4511 welches
345 4458 382 4511 im
400 4459 547 4514 Versmass
566 4457 628 4514 eine
646 4459 736 4530 Sylbe
754 4460 857 4534 bildet,
881 4462 1000 4532 ehenso,
1018 4479 1101 4517 wenn
1119 4461 1167 4519 fiir
1184 4485 1202 4519 u
1219 4464 1275 4518 und
1293 4484 1304 4518 ι
1320 4463 1357 4516 im
1374 4461 1431 4520 ua·

122 4543 281 4602 teinischen
298 4561 318 4614 y
336 4546 420 4602 steht.

212 4667 230 4722 0
248 4666 412 4739 eulogeme,
426 4669 473 4724 Hs.
491 4667 719 4740 Schreibfehler‚
736 4673 793 4726 wie
812 4675 846 4726 14
863 4679 992 4744 stayros3
1019 4674 1056 4727 da
1073 4673 1154 4727 beide
1173 4669 1295 4723 Verseti
1313 4665 1428 4741 Sylhen

122 4754 231 4831 haben,
259 4773 293 4814 so
311 4755 386 4816 kann
403 4774 457 4818 nur
480 4755 640 4835 attemptet
658 4757 727 4818 oder
744 4755 919 4836 sitoqotpsss
938 4775 1049 4836 passcn.
1084 4762 1120 4820 22
1137 4763 1169 4816 tu
1186 4754 1273 4828 fehlt,
1299 4756 1338 4816 ist
1354 4757 1430 4816 aher
