3282 5370
564 729 646 804 124.
683 729 742 800 De
770 723 900 800 eadem.
938 719 983 792 ad
1008 744 1133 818 genua.

192 919 297 989 Salve
319 919 428 1002 salve,
450 936 510 980 rex
532 922 741 999 sanatorum.

193 1041 274 1110 spes
296 1023 409 1087 votiva
430 1007 652 1104 peoo'atorum,

194 1128 232 1194 in
249 1127 313 1192 hoo
334 1126 423 1207 ligno
446 1130 598 1204 tanquam
616 1139 693 1185 reus

192 1227 344 1315 pendens
366 1245 464 1290 verus
487 1223 713 1306 homo-deus,

242 1329 373 1398 eadueis
393 1337 511 1394 nutans
533 1328 688 1412 genibus!
803 1328 822 1388 5

196 1491 226 1560 0
249 1511 345 1575 quam
366 1511 507 1576 pauper,
531 1509 551 1554 o
575 1510 669 1574 quam
691 1490 804 1574 nudus,

195 1597 303 1679 qualis
329 1613 365 1659 es
388 1595 422 1658 in
444 1613 541 1658 oruoe
559 1595 672 1679 luduS‚
712 1593 738 1625 '⁴

196 1697 380 1762 derisorum
398 1695 494 1780 joous
516 1696 666 1780 faetus,⁸
707 1717 709 1724 ’

197 1805 316 1882 sponte
337 1804 460 1880 tamen,
484 1815 549 1861 non
572 1805 719 1882 coaetus,

243 1902 360 1968 attritis
382 1903 531 1966 membris
555 1893 708 1966 omnibus.
782 1903 822 1966 10

198 2061 344 2147 Sanguis
366 2071 438 2130 tuus
461 2063 662 2130 abundanter

196 2167 291 2236 fusus
312 2167 382 2232 fluit
403 2168 619 2250 incessanter,

197 2275 288 2336 totus
310 2272 395 2336 lotus
417 2273 450 2336 in
473 2291 589 2337 eruore

196 2379 289 2438 stans
311 2375 448 2454 inmotus
466 2377 499 2439 in
522 2374 651 2457 dolore,

243 2479 440 2561 praecinctus
462 2479 519 2543 vili
541 2479 691 2562 tegmine.
784 2480 824 2541 15

198 2635 230 2704 0
252 2639 406 2724 majestas
427 2639 565 2724 infinita,
682 2730 687 2734 ι

197 2758 223 2806 o
246 2749 378 2825 egestas
400 2744 559 2827 inaudita,

198 2847 273 2928 quis
294 2865 356 2930 pro
379 2855 470 2912 tanta
492 2849 627 2914 caritate
721 2921 727 2931 ¹
755 2831 758 2838 ⁵

200 2957 329 3032 quaeret
350 2957 383 3014 te
405 2951 438 3014 in
462 2953 599 3017 veritate

247 3051 828 3139 danssanguiuemprosanguinelw

202 3214 288 3295 Quid
311 3235 381 3280 sum
402 3217 460 3283 tibi
481 3237 689 3304 reversurus,

201 3327 281 3386 aotu
302 3321 389 3404 vilis,
412 3321 512 3401 eorde
535 3321 651 3407 durus,

202 3423 284 3506 quid
304 3411 482 3507 rependam
495 3427 656 3518 amatori,

204 3528 262 3612 qui
284 3527 384 3610 elegit
404 3546 466 3612 pro
488 3529 658 3612 memori,
706 3543 713 3553 ·

247 3651 291 3696 ne
315 3631 415 3714 dupla
435 3631 732 3724 mortemorerer‘l
780 3619 829 3697 '25

874 908 979 976 Amor
1001 915 1074 972 tuus
1097 923 1187 973 amor
1209 905 1303 970 fortis
1310 955 1320 990 ,

794 1045 799 1058 =
876 1033 971 1098 quem
992 1030 1061 1076 non.
1079 1011 1213 1074 vineunt
1230 1009 1308 1093 jura
1329 1011 1459 1096 mortis,

876 1136 1015 1200 olquam
1035 1115 1092 1198 pia
1112 1134 1164 1177 me
1187 1117 1246 1180 sub
1269 1127 1349 1180 eura

875 1229 932 1285 tua
953 1219 1047 1284 loves
1068 1218 1101 1280 in
1123 1225 1294 1302 pressura,

920 1313 961 1387 ne
983 1335 1094 1384 morsu
1116 1319 1228 1382 mortis
1250 1319 1411 1385 vulnerer.
1460 1321 1502 1386 30

877 1483 965 1550 Eece
986 1493 1043 1549 tuo
1065 1503 1133 1568 pro
1151 1503 1261 1550 amore
1335 1523 1337 1530 ·
1385 1565 1387 1578 Ι
1458 1495 1463 1502 “

877 1597 910 1655 te
934 1591 1132 1673 complector
1154 1609 1225 1654 eum
1248 1591 1382 1672 rubore5

877 1717 928 1760 me
952 1702 1069 1780 coapto
1092 1693 1280 1776 diligenter,

877 1809 913 1866 tu
935 1801 999 1866 sois
1022 1817 1153 1864 oausam
1176 1787 1359 1884 evidenterJ

921 1903 982 1970 sed
1004 1903 1103 1970 suffer
1126 1910 1159 1966 et
1181 1901 1354 1964 dissimula.
1461 1897 1508 1959 35

877 2066 949 2134 Hoo
972 2059 1063 2150 quod
1081 2086 1155 2150 ago,
1178 2085 1244 2130 non
1268 2073 1301 2128 te
1324 2069 1460 2146 gravet,

878 2169 938 2235 sed
956 2191 1007 2233 me
1029 2176 1122 2234 sanet
1145 2175 1179 2232 et
1199 2187 1250 2230 me
1272 2167 1363 2230 lavet

877 2273 1075 2354 inquinatum
1098 2278 1131 2335 et
1143 2278 1310 2352 aegrotum

879 2378 1010 2459 sanguis
1032 2375 1136 2442 fluens
1161 2375 1214 2438 hie
1231 2377 1292 2456 per
1306 2379 1416 2454 totum,

921 2488 1044 2544 utnon
1066 2463 1206 2562 supersit
1222 2476 1364 2541 macula.
1463 2473 1508 2536 40

879 2636 918 2710 In
940 2643 1002 2707 hae
1025 2661 1122 2707 ornae
1144 2647 1177 2705 te
1201 2646 1367 2706 cruentum

825 2829 829 2834 Ι
880 2756 914 2812 et
937 2747 1109 2810 distentum
1136 2751 1169 2808 et
1191 2750 1376 2809 contentum

880 2859 916 2918 ut
928 2833 1116 2936 requiram,
1139 2869 1190 2912 me
1214 2821 1349 2932 inpelle⁸

881 2961 916 3018 et
929 2953 1001 3017 lroo
1022 2953 1110 3034 inple
1131 2953 1237 3014 meum
1258 2949 1346 3012 velle

924 3055 1083 3137 fauturus,
1107 3051 1194 3135 quod
1216 3050 1379 3147 desidera
1413 3091 1417 3098 -
1464 3047 1512 3110 15

882 3216 927 3283 Ut
947 3224 988 3282 te·
1004 3235 1146 3298 quaeram
1167 3219 1274 3278 mente
1296 3231 1398 3296 pura,

882 3322 925 3385 sit
946 3320 1020 3385 haee
1041 3339 1114 3384 mea
1134 3319 1239 3403 prima
1261 3337 1358 3400 eura,

882 3443 945 3496 neo
963 3431 1018 3488 est
1039 3425 1147 3506 labor,
1177 3441 1239 3486 nee
1261 3421 1443 3503 gravabor,

883 3529 942 3594 sed
958 3529 1105 3592 sanabor
1128 3535 1162 3591 et
1184 3515 1378 3608 mundabor,

919 3631 999 3698 ”oum
1020 3640 1053 3697 te
1077 3633 1256 3716 conplexus
1276 3631 1393 3707 luero„
1468 3625 1527 3690 50,

293 3831 360 3914 Aus-
377 3843 430 3899 den
453 3845 482 3898 in
504 3845 557 3906 No,
576 3847 628 3900 123
653 3848 813 3916 genauuten
831 3807 894 3900 llss.
934 3843 1032 3898 Dieser
1050 3797 1119 3896 Iied
1137 3843 1241 3914 gehort
1255 3801 1293 3896 ¹zu
1311 3841 1372 3896 dem
1389 3838 1518 3910 vorigen

205 3928 265 3986 und
281 3929 320 3984 ist
336 3930 365 3984 in
384 3930 433 3986 der
450 3933 583 4006 Ausgabe
602 3933 652 3988 der
670 3933 780 3990 Werke
799 3932 960 4012 Bernhards
981 3925 1215 3986 iiberselrriebeur
1234 3930 1271 3985 ad
1288 3943 1389 4000 genua.

297 4071 354 4126 ts.
371 4071 440 4128 Jesu
457 4087 479 4125 r.
497 4071 598 4147 Boou.
632 4073 759 4128 3orueis
777 4072 858 4144 ligno
876 4071 931 4128 Bl).
965 4071 1085 4126 lhomo
1103 4063 1189 4125 verus
1210 4071 1265 4126 BD.
1302 4066 1464 4123 omanibus
1482 4063 1519 4122 Ε.-

203 4159 296 4214 ‘lest
321 4159 353 4213 B.
397 4159 516 4214 Stotus
544 4157 593 4214 fiir
616 4161 676 4232 Joe.
702 4161 733 4214 Β.
780 4161 814 4212 10
841 4160 955 4214 attritus
983 4159 1014 4214 B.
1057 4159 1092 4211 11
1118 4159 1147 4214 in
1173 4157 1293 4214 maximo
1320 4153 1340 4210 f.
1367 4154 1430 4208 inm
1458 4152 1514 4208 ΒΟ.

204 4248 243 4302 19
261 4248 362 4319 quaerit
378 4248 455 4304 BCE.
503 4252 537 4305 21
565 4266 752 4320 responsurus
776 4249 876 4306 Boou.
924 4251 959 4304 22
986 4265 1021 4306 ao
1045 4253 1074 4304 te
1092 4247 1171 4302 nullo
1195 4247 1236 4314 A,
1265 4243 1309 4298 die
1326 4243 1427 4298 Lesart
1447 4243 1517 4295 aetu

205 4340 264 4407 (se.
282 4337 375 4406 bono)
401 4336 495 4392 nullus
513 4337 618 4392 konnte
637 4340 743 4394 stehen.
783 4341 818 4394 23
836 4339 993 4409 impendam
1012 4334 1137 4392 creatori
1154 4333 1184 4388 E.
1227 4333 1264 4386 21
1282 4329 1348 4402 quid
1364 4327 1516 4384 refundam

203 4424 381 4495 redemptori
397 4423 428 4494 Ε,
447 4442 503 4479 nun
520 4423 597 4497 folgt
613 4427 656 4480 23.
691 4429 727 4484 25
745 4427 852 4482 moriar
869 4429 925 4484 ΑΟ.
959 4428 995 4482 28
1013 4427 1059 4498 pie
1078 4425 1107 4482 G.
1134 4423 1169 4478 29
1187 4417 1287 4474 fovens
1306 4419 1338 4473 A
1366 4418 1400 4471 31
1410 4431 1471 4486 praa
1480 4415 1513 4468 Β.

203 4515 243 4568 32
261 4513 367 4568 robore
385 4511 415 4567 0.
463 4513 498 4566 36
522 4517 551 4568 te
575 4511 648 4568 fehlt
674 4513 704 4570 G.
752 4515 787 4570 38
810 4513 956 4585 inquinant
973 4516 1012 4585 A,
1044 4509 1160 4584 sanguis
1178 4505 1368 4587 fluenswplene
1386 4503 1465 4558 lavet
1482 4502 1514 4557 Β.

204 4602 245 4656 39
268 4616 311 4654 me
335 4595 473 4653 infirmum
497 4603 526 4654 et
544 4615 596 4671 aeg.
615 4601 656 4670 u,
686 4600 757 4654 dazu
774 4603 848 4656 noch
871 4601 917 4657 ein
933 4601 1021 4656 Vers:
1046 4601 1120 4654 intus
1140 4601 1168 4652 et
1186 4599 1267 4650 extra
1283 4609 1327 4646 me
1344 4607 1397 4662 per
1415 4595 1514 4646 totum.

199 4687 242 4741 11)
261 4685 351 4741 subsit
370 4687 400 4742 G.
434 4689 470 4741 12
488 4692 517 4743 te
531 4693 718 4760 contemptum
736 4694 767 4744 et
784 4690 834 4745 dis.
852 4691 888 4760 B,
908 4693 1096 4759 contemptum
1115 4687 1150 4754 0,
1174 4683 1223 4738 ich'
1238 4696 1293 4752 rog
1312 4680 1366 4734 den
1383 4678 1464 4734 Reim
1482 4677 1515 4732 in

196 4773 234 4832 ,A
250 4789 311 4830 vor.
346 4772 501 4832 laceratum
518 4781 548 4834 et
565 4777 714 4835 distentum
731 4779 761 4843 Ε.
799 4781 834 4836 11
852 4794 886 4836 ao
903 4777 1059 4851 impletoll
1101 4766 1378 4829 4811011⁶Stssffi
