3324 5358
216 488 314 571 decu,
337 501 460 552 corona
482 483 612 568 glorie,

217 589 273 675 qui
295 588 337 653 de
358 587 466 655 Maria
488 587 618 670 virgine

262 699 358 758 natus
380 689 640 772 innarrabilitor,

219 812 369 880 quaerens
390 811 443 858 mo
466 792 580 858 sedisti
601 792 724 874 lassus,

217 896 383 962 redemisti
405 913 503 961 cruce
525 911 658 978 passus,

260 999 325 1090 lroc
345 1016 412 1064 non
434 997 498 1064 due
518 996 667 1063 inauitcr.

216 1215 409 1292 Recordare,
431 1212 510 1278 desc
527 1215 597 1295 pic,

219 1319 390 1401 quodsum
411 1332 511 1382 ccccc
534 1319 594 1381 tce
615 1317 687 1396 otc,

261 1435 352 1483 meas
374 1415 493 1481 exaudi
513 1432 649 1500 preces;

219 1525 271 1607 pce·
292 1521 461 1587 solocodos
483 1519 591 1585 colom
611 1519 725 1600 95555,

218 1627 310 1694 cclcc
330 1645 390 1708 roe,
411 1623 485 1707 [orm
505 1627 639 1706 555505,

263 1730 390 1795 diluens
411 1745 502 1792 meas
524 1727 634 1792 foeces.

219 1942 315 2024 Jesu,
338 1938 476 2022 largitor
497 1941 672 2020 bonorum,

220 2045 367 2112 celicum
389 2048 423 2104 et
443 2048 662 2121 terrenorum,

262 2148 326 2214 hoc
348 2148 425 2212 mihi
447 2147 566 2212 donum
589 2145 675 2212 dona
682 2167 693 2229 3

218 2258 275 2318 tua
297 2254 395 2318 beata
417 2251 559 2334 genitrix

218 2378 293 2424 mea
314 2377 443 2443 semper
466 2360 509 2423 sit
529 2359 711 2443 protectrix
764 2363 769 2378 '

261 2464 318 2548 pia
341 2471 438 2547 atque
459 2471 608 2549 patrona

217 2674 316 2758 Jesu,
339 2679 437 2742 beata
459 2676 595 2760 trinitas,

217 2786 255 2844 tu
277 2779 474 2861 sempiterna
495 2779 618 2860 unitas,

263 2883 391 2964 suscipe
412 2883 635 2965 poenitentem,

217 3004 292 3051 cum
314 2988 479 3050 tremendo
499 2989 675 3066 moretolio

219 3111 303 3155 ureae
320 3111 442 3175 pravae
465 3092 619 3156 caecitatis

263 3214 368 3259 meam
389 3194 514 3260 illustra
532 3201 678 3260 mentem.

219 3409 317 3493 Jesu,
340 3409 502 3476 labentem
524 3411 672 3494 corrige,

221 3513 389 3578 dexteram
411 3515 487 3578 mihi
509 3516 660 3597 porrige,

263 3636 305 3681 ne
328 3625 484 3698 gravatus
507 3618 641 3682 crimine

219 3721 336 3804 puniar
358 3721 574 3803 aeternaliter,

219 3825 276 3889 ubi
296 3824 381 3904 iguis
402 3824 590 3907 perenuiter

264 3927 345 3989 vivit
370 3928 439 3990 sine
462 3928 607 3992 termino.

219 4144 297 4210 Jeoc
321 4146 456 4227 Christe,
480 4152 588 4214 accior
609 4153 694 4230 cito,
781 4171 784 4175 ·

220 4266 271 4311 me
295 4248 349 4312 iac
371 4249 482 4314 audire
508 4247 672 4335 ,venitc“,

263 4360 299 4416 ut
322 4372 393 4418 cum
410 4354 516 4438 judex
539 4355 665 4439 aderis,

219 4474 261 4519 ue
283 4454 393 4518 valeat
415 4456 572 4520 seducere

220 4562 309 4620 trum
330 4559 471 4640 pretium
492 4579 542 4622 me
566 4577 646 4622 vere

264 4661 354 4726 fraus
379 4664 509 4728 humani
529 4665 671 4748 generis.

896 479 994 564 Jesu,
1015 479 1115 566 plena
1136 483 1272 548 caritate

897 597 1010 648 manus
1031 590 1098 648 tute
1119 583 1297 669 perforata

939 688 1053 754 laxent
1073 707 1147 756 mea
1169 692 1320 775 crimina3

896 791 983 857 latus
1004 799 1093 858 tunm
1114 794 1311 878 lanceatum,
1460 797 1527 862 550

781 890 845 956 485
897 899 997 978 caput
1020 895 1121 978 spinis
1144 903 1352 980 coronatum,

940 995 1015 1062 hoec
1036 997 1102 1062 siut
1121 997 1344 1065 medicamina

897 1205 980 1280 Jesu
998 1211 1142 1300 christe,
1165 1214 1353 1300 Nazarene,

897 1323 933 1384 tu
954 1318 1132 1402 pronubis
1154 1320 1266 1384 mortis
1292 1337 1400 1404 poenae

941 1417 1078 1484 affectus
1100 1418 1234 1504 iujurid,
1461 1421 1527 1486 525

781 1514 847 1580 400
897 1520 995 1606 placa
1015 1529 1142 1606 patrem
1163 1523 1359 1608 majestatis,

897 1626 989 1691 utin
1011 1645 1116 1692 aevum
1139 1643 1211 1692 oum
1232 1626 1339 1693 beatis

940 1747 994 1795 me
1015 1739 1152 1797 coronet
1173 1731 1289 1814 gloria.

897 1941 984 2026 Regi
1005 1943 1160 2010 coelorum
1183 1943 1310 2012 debitas

898 2048 1005 2115 cuncti
1027 2068 1162 2132 agamus
1185 2050 1325 2132 gratias,
1462 2050 1528 2114 550

780 2146 844 2212 495
942 2151 1029 2234 quod
1047 2152 1127 2218 deus
1146 2153 1290 2237 deorum,

899 2274 1039 2322 summus
1062 2257 1217 2322 coelorum
1239 2256 1395 2341 domiuus,

898 2377 1015 2443 passus
1038 2379 1099 2444 pro
1121 2362 1216 2428 nobis
1240 2363 1386 2428 omnibus

940 2463 976 2528 in
996 2463 1103 2528 medio
1125 2463 1269 2530 duorum.

899 2663 948 2744 oi
971 2678 1051 2762 loe,
1075 2678 1172 2762 Jesu,
1195 2679 1423 2763 tepescimus,
1461 2681 1526 2745 sos

781 2775 845 2842 500
897 2784 976 2850 laxa
997 2784 1130 2867 malum,
1154 2783 1242 2867 quod
1264 2785 1415 2868 lecimus,

941 2905 1002 2970 per
1024 2887 1140 2950 merita
1162 2894 1360 2969 sanctorum

897 2988 1020 3070 largire
1044 2989 1167 3052 cunctis
1190 2987 1333 3070 famulis,

898 3109 980 3176 quos
1002 3093 1093 3158 lavat
1114 3092 1202 3157 unda
1219 3091 1408 3175 sanguinis,
1646 3173 1647 3176 Ἴ

940 3195 1069 3259 veniam
1090 3201 1306 3278 peccatorum.
1459 3195 1526 3258 540

781 3409 845 3474 505
897 3409 987 3489 Josc,
1009 3427 1080 3474 roco
1101 3411 1283 3491 redemptio,

897 3513 985 3578 salus
1008 3521 1105 3596 atque
1128 3512 1290 3594 defensio,

939 3637 1001 3700 per
1024 3623 1146 3680 sauctae
1169 3615 1274 3681 crucis
1297 3613 1424 3696 signum

898 3721 942 3785 sis
965 3721 1109 3784 solamen
1132 3719 1316 3784 continuum

899 3832 932 3889 et
954 3830 1096 3888 tutamen
1118 3829 1325 3906 perpetuum,
1459 3820 1527 3883 545
1644 3875 1645 3888 ,

782 3927 846 3992 510
942 3927 1138 4010 adjuvamen
1159 3925 1343 4006 benignum.

899 4144 997 4214 Salus
1019 4165 1107 4229 mea,
1129 4143 1226 4226 Jesu,
1248 4144 1332 4226 vita,

898 4251 962 4315 mei
984 4249 1092 4315 cordis
1115 4247 1294 4330 margarita

807 4367 810 4374 ⁴
942 4362 1039 4436 atque
1061 4361 1117 4418 tua
1138 4353 1264 4436 passio,

897 4455 952 4541 foc
973 4459 1077 4522 cidere
1099 4457 1164 4521 dios
1186 4456 1297 4535 donce,
1463 4453 1541 4536 550

782 4559 847 4623 515
900 4560 1091 4642 angelorum
1115 4559 1228 4622 dulces
1250 4564 1346 4620 tomos

944 4663 1057 4730 audire
1079 4681 1152 4730 cum
1174 4661 1306 4744 gaudie.
