3280 5358
1397 313 1445 362 vu

219 489 405 577 llymnodin
425 489 529 558 latina
549 487 648 586 medii
670 487 738 556 aevi
759 491 802 560 ab
824 489 973 558 onnihm
993 491 1127 577 populis
1154 491 1305 560 aeolesiae
1326 493 1443 562 namo

131 631 208 696 lion
228 629 316 698 onita
336 635 397 712 ssa,
426 627 568 712 ideoque
587 627 675 694 latos
699 625 783 694 fines
814 626 924 709 habnt.
952 628 1024 694 sive
1051 631 1254 716 spemveris
1285 630 1443 716 temporis

133 770 282 855 spatium,
314 786 382 852 spuo
407 764 526 852 lloruit,
558 785 580 834 a
610 773 727 855 quarto
756 765 878 834 munio
906 743 1010 852 noune
1040 767 1084 834 ad
1106 767 1264 836 dommum
1288 766 1445 852 quintum,

132 907 204 972 sive
234 907 374 994 populos
405 905 622 974 oomideraris
654 913 689 972 at
719 905 847 990 origine
884 912 918 972 et
948 905 1061 990 lingna
1092 914 1127 974 et
1156 907 1293 974 historia
1329 907 1441 974 diver·

133 1044 289 1129 sissimos,
311 1048 366 1128 qni
387 1067 502 1116 omnes
528 1047 572 1116 ad
600 1045 790 1114 themurnm
818 1045 1084 1132 hymnologioum
1112 1045 1263 1114 eoolaaiae
1284 1066 1347 1132 pro
1369 1065 1440 1116 mo·

135 1183 211 1250 dolo
240 1203 300 1252 suo
325 1188 577 1254 eunhihuornnt.
626 1183 742 1268 ltaque
772 1184 883 1268 magni
912 1185 1049 1250 interest
1074 1202 1189 1267 nosue,
1221 1185 1299 1270 quid
1329 1189 1442 1269 poete

133 1322 354 1406 nujusounqne
377 1322 491 1408 populi
518 1322 554 1388 in
579 1321 757 1405 hymnodia
783 1321 1009 1406 praestiterim
1042 1339 1117 1404 quoe
1145 1339 1227 1388 vero
1259 1321 1444 1406 disqmuitio

136 1459 245 1525 adhue
270 1460 459 1528 diffiollina
489 1467 555 1545 est,
585 1477 681 1546 quum
711 1459 825 1544 hymni
853 1459 980 1546 proprii
1009 1459 1210 1544 singulorum
1245 1459 1441 1545 populorum

133 1615 213 1660 raro
242 1613 387 1664 seorsum
417 1605 450 1664 et
480 1599 584 1666 minus
613 1605 705 1666 reete
736 1598 800 1664 sint
833 1596 921 1664 editi.
972 1595 1165 1684 Exemplum
1198 1593 1306 1682 (qnod
1340 1615 1439 1664 unum

134 1734 287 1820 afferam]
313 1735 416 1803 habes
444 1738 478 1802 in
507 1731 648 1804 Arevali
678 1734 857 1819 hymnodia
886 1734 1071 1820 hispanioa,
1103 1735 1160 1818 qni
1188 1754 1295 1821 neque
1325 1751 1439 1802 omnes

132 1874 271 1960 hymnos
299 1891 429 1938 suorum
456 1873 661 1958 popularium
692 1871 803 1952 edidit,
833 1889 939 1954 neque
969 1871 1102 1938 oodioes
1129 1871 1367 1957 maumoniptos
1388 1871 1441 1936 in·

132 2015 249 2099 spexit,
276 2021 318 2098 ot,
351 2017 438 2100 quod
463 2017 559 2102 pejus
585 2016 725 2101 videtur,
756 2015 823 2081 suis
844 2013 1147 2100 interpolationibus
1174 2019 1283 2079 tentus
1314 2021 1439 2079 temore

132 2154 306 2220 emendare
329 2165 462 2224 oonatus
485 2165 545 2244 est,
573 2178 674 2244 quare
703 2155 791 2225 istud
812 2177 917 2241 genus
948 2139 1097 2223 editionis
1128 2153 1218 2222 nullo
1240 2153 1337 2220 modo
1358 2171 1440 2240 pro·

129 2291 284 2356 baverim.
339 2292 507 2380 Siquidem
537 2295 708 2382 praeolaris
738 2295 831 2362 hisee
861 2301 1009 2360 veterum
1046 2293 1293 2361 christianorum
1324 2309 1438 2358 monn·

127 2430 246 2495 mentis
273 2435 461 2501 reverentia
490 2433 637 2517 debetur,
666 2433 708 2499 ab
738 2433 863 2500 editore
891 2433 1085 2516 hymnorum
1113 2434 1212 2500 etiam
1239 2433 1351 2500 nativa
1381 2433 1439 2498 illa

125 2567 255 2635 indoles
282 2571 456 2636 retinenda
486 2579 552 2654 est,
583 2589 647 2654 qna
676 2573 786 2655 pootae
816 2570 952 2655 proprio
984 2569 1115 2637 dioendi
1146 2591 1269 2656 genere
1301 2577 1335 2638 et
1366 2577 1439 2637 arte

123 2708 294 2776 scribendi
311 2709 451 2793 quadam
472 2707 639 2795 populari,
668 2707 739 2793 vel,
767 2715 803 2775 ut
824 2707 871 2774 ita
893 2707 1014 2795 dinam,
1044 2709 1299 2796 provinoialibus
1321 2707 1436 2776 studiis

125 2850 225 2915 deum
252 2847 434 2932 laudarunt,
462 2855 498 2914 ut
527 2847 562 2914 in
590 2845 654 2914 hao
680 2847 842 2915 varietate
872 2847 1060 2934 hymnodiae
1086 2870 1205 2916 revera
1236 2847 1438 2916 harmoniam

125 2985 333 3052 diversorum
353 2985 548 3071 populorum
570 2985 756 3070 agnoveris.
800 2983 849 3055 At
869 2986 944 3054 haeo
964 3008 1038 3054 mea
1060 2987 1211 3055 eolleutio
1234 2995 1301 3052 tam
1322 3005 1438 3052 nnme-

123 3147 206 3196 rosa
233 3128 384 3213 exempla
410 3145 476 3193 non
501 3125 650 3211 exhibet,
677 3133 715 3192 ut
743 3127 952 3194 oharaoteres
982 3129 1175 3214 hymnorum
1203 3150 1265 3215 por
1293 3127 1436 3214 populos

125 3268 329 3352 distinguere
360 3267 498 3354 possim,
529 3265 591 3331 sed
621 3265 700 3331 satis
727 3263 884 3352 habeam,
915 3265 992 3334 hino
1018 3269 1095 3335 inde
1126 3267 1300 3353 adnotare,
1334 3267 1362 3335 si
1393 3289 1436 3334 ex

123 3405 234 3472 forma
256 3405 406 3472 earminis
428 3404 594 3490 oonjioere
615 3403 722 3489 lineat,
752 3424 773 3470 a
804 3422 943 3488 quonam
968 3405 1091 3491 populo
1115 3405 1274 3491 ejusmodi
1295 3405 1436 3491 hymnus

122 3544 296 3628 profeutns
319 3541 369 3609 sit.
413 3542 524 3611 Medio
538 3543 609 3630 jam
632 3561 705 3610 aevo
728 3543 867 3628 hymnos
890 3541 1009 3610 latinos
1031 3544 1128 3611 etiam
1149 3544 1183 3610 in
1204 3521 1334 3628 linguas
1356 3564 1435 3609 ver·

121 3683 261 3752 naunlas
283 3681 525 3766 transtulerunt,
548 3701 684 3767 quorum
705 3687 813 3748 tamen
835 3701 943 3766 pauoa
965 3681 1142 3767 speoimina
1163 3681 1294 3763 inserui,
1317 3679 1434 3763 quihus

121 3816 206 3886 illud
230 3819 368 3886 studium
396 3819 484 3908 apud
515 3839 627 3888 omues
652 3820 724 3886 fere
746 3817 896 3905 ‘populos
925 3817 1145 3886 oooidentalea
1173 3817 1351 3885 obtinuisse
1374 3820 1436 3887 da·

121 3965 333 4026 monstretur.

212 4271 346 4355 Restat,
373 4277 411 4338 nt
441 4269 558 4336 leotori
587 4267 749 4340 benevolo
777 4269 874 4355 hujus
901 4269 975 4337 libri
997 4269 1241 4357 dispositionem
1262 4286 1434 4353 exponam.

120 4409 208 4477 Post
233 4415 357 4475 textum
388 4409 609 4497 nujusounquo
640 4409 754 4496 hymni
788 4408 920 4475 oodioes
949 4411 1159 4494 manuscripti
1195 4411 1433 4490 enumerantur,

124 4567 212 4634 qnos
243 4547 390 4634 adhibui,
418 4567 595 4633 eorumque
621 4555 706 4616 otas
735 4547 895 4614 indioator
925 4549 1053 4634 aliaque
1082 4548 1259 4628 adduntur,
1282 4561 1366 4628 quae
1389 4541 1435 4608 ad

122 4688 274 4754 oritioam
295 4687 488 4774 hymnorum
509 4685 806 4773 aliquideonferre
826 4685 985 4755 videntur.
1035 4683 1130 4770 Sigla
1157 4682 1345 4769 permonita
1374 4679 1433 4750 lle.
