3324 5358
146 500 316 569 Conserva
337 523 406 586 me,
428 498 510 568 Jesu
532 506 632 588 bone,

145 607 179 670 in
204 605 268 671 hac
289 606 401 670 mortis
424 606 576 689 regione,

188 711 221 773 in
245 710 309 775 hoe
331 710 439 774 carnis
461 727 576 774 onere:

145 813 247 879 redde
267 814 331 879 luci
349 816 562 894 tenebratum,

145 918 200 1001 qui
222 917 384 982 Lazarum
408 923 507 981 terrae
531 915 641 983 datum

184 1021 312 1104 jussisti
334 1019 494 1084 revivere.

145 1233 241 1314 Jesu,
265 1231 525 1316 misereremei,

129 1337 274 1421 suscipe
296 1357 348 1400 me
372 1335 419 1400 fili
441 1335 494 1400 dei

187 1457 260 1504 oum
283 1439 346 1502 tuis
369 1435 536 1517 fidelibus,

145 1542 200 1623 qui
221 1542 358 1606 Mariam
378 1539 620 1623 Magdalenam,

144 1643 295 1710 vitiorum
318 1643 416 1708 sorde
438 1643 569 1726 plenam

188 1749 316 1812 solvisti
338 1767 359 1813 a
381 1747 589 1822 daemonibus.

145 1961 194 2029 Tu
216 1963 271 2046 qui
292 1961 428 2026 Paulum
452 1958 642 2026 convertisti

145 2074 241 2148 atque
264 2064 397 2129 Petrum
420 2063 595 2145 suscepisti

187 2170 425 2248 lacrimantem,
448 2167 592 2250 domine,

146 2275 275 2357 suscipe
297 2293 349 2338 me
372 2273 585 2356 captivatum,

145 2387 283 2462 protege
306 2397 357 2440 rue
381 2373 577 2440 denudatum

187 2483 221 2545 in
244 2483 368 2546 alarum
391 2481 543 2563 tegmine.

144 2695 241 2777 Jesu,
264 2695 401 2759 verbum
422 2693 640 2774 incarnatum,

144 2807 181 2864 ut
202 2799 363 2864 hominem
386 2797 549 2861 deviatum

190 2903 230 2967 ad
254 2903 340 2966 viam
362 2901 553 2983 reducereS,

146 3008 234 3070 solus
260 3008 416 3088 clemens,
441 3005 530 3069 solus
551 3003 663 3087 fortis,

147 3111 189 3175 de
211 3112 354 3176 tenebris
377 3110 430 3174 die
453 3109 576 3191 mortis,

191 3235 326 3301 precor,
348 3224 384 3280 ut
405 3235 456 3280 me
474 3214 606 3279 liberes.

146 3430 243 3513 Jesu,
266 3427 376 3494 muudi
397 3434 584 3510 reparator,

146 3533 293 3619 paradisi
315 3539 533 3612 restaurator,

190 3638 326 3720 angelus
350 3635 490 3717 consilii,

147 3741 176 3807 si
198 3744 265 3824 vis,
287 3747 382 3825 potes
405 3760 457 3803 me
476 3737 606 3803 salvare

146 3855 180 3912 et
204 3847 244 3910 de
269 3847 373 3929 poenis
395 3846 536 3911 liberare

5 4019 7 4038 ‚
107 4007 110 4012 .
191 3949 305 4014 aeterni
327 3945 486 4030 supplicii.

146 4161 204 4229 Ad
226 4169 272 4245 te,
295 4161 391 4245 Jesu,
415 4161 496 4226 deus
517 4177 624 4243 meus,

147 4266 318 4351 perveniat
341 4267 463 4332 clamor
484 4285 575 4330 meus

192 4379 224 4436 et
248 4371 355 4436 cordis
378 4369 547 4435 contritio:

147 4483 218 4539 esto
241 4475 295 4538 via
317 4474 464 4556 deviato,

147 4579 306 4644 medicina
328 4579 510 4660 vulnerato,

190 4679 280 4744 ilenti
303 4681 493 4746 consolatio.

710 915 772 978 125

711 1539 773 1602 130

675 2163 682 2172 ”
708 2167 771 2230 135

708 2795 772 2859 140

710 3427 772 3490 145

710 3944 772 4007 150

826 503 907 570 Esto
930 507 1071 572 clemens
1094 509 1171 574 milri
1193 511 1295 596 tristi,

826 610 881 690 qui
902 609 935 672 in
958 610 1045 676 loeno
1064 611 1197 696 jacuisti

861 705 1038 794 'parvoque
1060 714 1240 797 praesepio,

825 821 861 880 ut
883 814 1021 880 afflictos
1044 817 1220 900 adJ'uvares

824 924 859 982 et
882 918 1004 982 elector
1029 919 1187 985 liberares

869 1018 911 1082 de
933 1021 1045 1085 mortis
1066 1020 1225 1086 incendio.

1390 819 1453 885 loo

824 1233 921 1318 Jesu,
944 1252 1035 1298 verae
1058 1233 1213 1318 splendor
1235 1237 1332 1318 lucis,

825 1336 930 1402 libera
952 1359 1002 1402 me
1028 1338 1069 1403 de
1092 1339 1226 1404 caducis

869 1450 902 1508 et
925 1462 946 1507 a
966 1442 1060 1506 malis
1083 1443 1246 1524 omnibus,

825 1544 884 1606 sub
908 1542 1031 1608 alarum
1053 1544 1237 1608 velamento

824 1654 963 1732 protege
985 1668 1037 1711 me
1060 1667 1080 1712 a
1102 1653 1262 1712 tormento

868 1756 902 1813 et
923 1747 1083 1832 gehennae
1101 1749 1239 1831 ignibus.

1389 1443 1452 1506 165

823 1963 921 2047 Jesu,
945 1963 999 2045 qui
1021 1980 1081 2026 nos
1105 1961 1249 2026 dilexisti

822 2075 857 2132 ct
879 2086 940 2150 pro
968 2067 1062 2132 nobis
1086 2067 1250 2150 pertulisti

866 2171 900 2232 in
923 2188 1019 2234 cruce
1042 2170 1250 2254 supplicium,

824 2270 1006 2334 desolatum
1027 2290 1079 2334 me
1102 2271 1251 2334 conforta

826 2382 860 2440 et
882 2374 925 2438 ad
947 2393 1084 2456 gregem
1105 2393 1157 2436 rne
1179 2379 1315 2456 reporta

867 2496 1082 2562 supernorum
1105 2475 1231 2542 civium.

1391 2066 1455 2132 170

823 2692 922 2775 Jesu,
945 2711 1026 2756 vera
1049 2689 1227 2767 medicina,
1388 2689 1452 2754 1⁵15

826 2803 1013 2862 conteratur
1035 2815 1096 2879 per
1119 2802 1152 2858 te
1176 2793 1271 2876 spina

869 2917 1014 2964 meorum
1036 2897 1277 2982 peccaminum:

825 3023 876 3068 me
899 3003 943 3066 ad
964 3010 1081 3066 metam
1105 3002 1168 3066 duc
1192 3007 1347 3064 aeternam

825 3113 859 3170 et
880 3105 914 3169 in
935 3105 1040 3170 lucem
1063 3104 1305 3186 sempiternam,

869 3209 923 3291 qui
945 3227 982 3272 es
1007 3208 1095 3271 salus
1119 3206 1266 3270 omnium.
1388 3205 1451 3269 180

825 3421 907 3488 Jesu
930 3419 1076 3498 Christe,
1102 3420 1155 3483 leo
1178 3418 1288 3500 sortis,

826 3526 881 3608 qui
904 3523 1070 3588 destructa
1092 3523 1168 3603 lege
1191 3521 1303 3584 mortis

869 3631 969 3693 vitam
991 3628 1101 3694 reddis
1123 3627 1264 3706 miseris,

825 3733 927 3799 redde
951 3734 1028 3797 milri
1051 3751 1142 3815 spem
1165 3729 1278 3793 salutis

827 3847 860 3902 et
881 3837 1001 3900 delicta
1020 3834 1200 3919 juventutis

870 3961 952 4006 meae
975 3958 1017 4003 ne
1038 3953 1230 4001 memineras.

1390 3831 1452 3896 185

826 4159 908 4226 Jesu
931 4153 1076 4236 Christe,
1101 4159 1218 4236 potens
1240 4151 1353 4234 gigas,

771 4291 774 4298 ¹
828 4265 882 4346 qui
904 4263 1067 4343 antiquum
1090 4259 1217 4324 hostem
1240 4258 1340 4339 ligas,

712 4577 787 4640 155,

870 4367 997 4430 hostem
1020 4365 1138 4429 malum
1161 4363 1271 4442 inferi3

827 4471 924 4535 finem
947 4473 1066 4536 bonum
1089 4469 1165 4532 mihi
1188 4467 1289 4546 dona,

828 4595 901 4642 eum
924 4575 1048 4639 coelesti
1071 4593 1122 4637 me
1145 4587 1268 4636 corona

871 4680 988 4744 coelum
1010 4678 1089 4742 milri
1109 4673 1210 4761 aperi.

1395 4468 1462 4534 100
