3324 5358
462 633 624 716 Prologus
646 631 679 696 in
701 631 883 716 subjeetum
906 629 1103 714 opuseulum.

395 806 513 862 Rithrnis
533 810 562 861 et
578 822 663 862 sensu
680 803 834 860 verborum
851 804 1043 860 consociatum

395 893 562 963 psalterium
579 893 682 962 ihesu,
707 891 749 947 sio
766 896 812 948 est
830 906 901 961 opus
919 891 974 946 hoe
991 889 1154 949 vocitatum.

396 981 533 1053 quilegit
550 981 672 1050 intente,
691 995 855 1055 quoeunque
873 977 974 1035 dolore
992 986 1151 1051 prematur,

396 1069 499 1126 sentiet
517 1067 580 1128 inde
598 1069 702 1126 bonum
720 1068 804 1124 dolor
821 1067 884 1140 ejus
903 1072 933 1122 et
951 1067 1120 1139 alleviatur,

396 1171 468 1227 ergo
486 1157 549 1226 plus
567 1155 648 1229 legat
666 1157 721 1211 hoo
738 1156 801 1232 eJus
820 1156 871 1210 sub
890 1169 986 1211 amore
1004 1155 1140 1225 libenter,

396 1245 477 1316 eujus
496 1243 535 1298 ibi
553 1259 654 1298 nomen
672 1243 807 1313 seriptum
824 1241 903 1297 uidet
920 1258 984 1297 esse
1002 1239 1174 1313 frequenter.

393 1331 489 1390 ltdidn
505 1331 560 1388 hoe
579 1345 692 1390 carmen
709 1329 821 1400 quidem
844 1331 996 1386 monachus
1014 1331 1175 1403 griseorum

396 1417 437 1474 sd·
449 1419 562 1476 luudem
579 1417 683 1478 domim
700 1417 793 1478 Jussu
807 1415 982 1488 studiumque
1000 1419 1149 1478 bonorum

146 1627 212 1681 Ave
229 1627 335 1697 Jhesu,
353 1628 501 1685 beatorum

145 1728 215 1783 spes
233 1719 263 1769 et
280 1715 357 1772 selus
375 1717 558 1789 miserorum,

148 1801 198 1855 lux
215 1807 244 1856 et
261 1803 309 1858 via
326 1808 357 1859 tu
370 1805 529 1876 justorum,

147 1885 204 1940 iter
222 1887 332 1958 spernis
350 1888 504 1960 impiorum

144 2037 211 2093 ,nvo
230 2037 336 2092 candor
354 2055 480 2110 purgans
498 2045 618 2110 mentes,

149 2123 180 2175 in
198 2139 279 2192 quem
296 2121 419 2178 fremunt
437 2123 545 2178 frustra
563 2131 672 2196 gentes,

150 2208 311 2264 invidorum
329 2227 381 2266 nos
400 2211 534 2266 rodentes

151 2301 184 2360 et
199 2299 319 2354 hostiles
338 2301 424 2356 tunde
442 2299 548 2362 dentes.

148 2449 211 2502 Ave
230 2465 332 2504 nomen
351 2447 431 2504 dulte
450 2449 568 2519 Jnesus,

149 2539 182 2590 tu
200 2535 234 2590 de
252 2542 346 2592 monte
365 2538 439 2608 lepis
458 2553 549 2593 etesus

150 2628 181 2678 et
198 2624 295 2679 vitalis
312 2626 412 2680 mentis
433 2643 514 2695 esus,

149 2711 187 2766 ed
205 2715 234 2766 te
252 2712 355 2768 clamet
372 2714 457 2770 homo
471 2714 582 2776 laesus,

150 2860 212 2916 Ave
230 2865 323 2930 portae
343 2861 409 2916 coeli
427 2861 531 2933 clavis,

143 2945 239 3000 dhesu
257 2945 347 3001 duleis
366 2952 395 3001 et
413 2947 522 3018 suevis,
564 2991 565 2995 ,

150 3032 188 3086 ad
205 3038 234 3088 te
252 3033 343 3088 clamo
362 3035 448 3088 eorde
467 3035 579 3106 gravis,

147 3117 198 3187 qui
217 3133 300 3188 quam
316 3123 436 3177 mortem
453 3120 542 3176 vitam
558 3121 657 3178 naun.

145 3265 212 3322 Ave
229 3266 319 3321 Jnesu
337 3268 426 3322 dulcis
446 3286 532 3340 sono,

144 3367 227 3406 sume
245 3356 295 3408 tuo
313 3369 404 3424 super·
416 3355 530 3411 tlrrono„

148 3439 240 3494 verba
258 3456 333 3510 mea,
353 3457 420 3511 quse
432 3459 565 3514 propono

148 3527 263 3599 pietatis
281 3534 338 3584 tuae
357 3531 439 3586 dono.

144 3679 211 3735 Ave
230 3680 308 3734 selus
328 3684 435 3738 nostrse
457 3683 531 3752 spei,

144 3764 298 3834 miserere,
316 3766 418 3836 Jhesu,
436 3767 504 3836 mei,

145 3867 168 3906 o
188 3851 306 3907 dulcedo
324 3853 446 3923 requiei,

146 3943 183 3992 tu
199 3954 242 3992 me
261 3956 343 4010 sana,
362 3942 454 3996 virtus
472 3942 524 3997 dei

147 4085 225 4154 Ave,
244 4087 324 4160 eujus
343 4105 453 4159 semper
471 4105 536 4162 ero,

147 4191 193 4230 me
212 4175 248 4230 ab
267 4177 349 4231 hoste
367 4192 452 4232 serve
470 4175 547 4251 fero,

148 4265 178 4316 te
196 4266 320 4317 tutorem
337 4279 426 4318 meum
446 4279 558 4333 quaero,

148 4348 179 4404 in
197 4355 240 4420 te,
258 4350 361 4419 ihesu,
380 4351 445 4421 quie
463 4367 559 4422 spero.

149 4498 212 4556 Ave
229 4514 331 4553 nomen
349 4496 553 4570 admirandum,

151 4587 223 4644 orbe
241 4592 305 4644 toto
323 4587 545 4658 predicandum,

147 4673 239 4731 ihesu
257 4675 346 4731 duleis
365 4678 401 4732 ed
419 4675 589 4734 narrandum

148 4775 203 4816 nos
221 4763 368 4822 ascendes
378 4764 422 4822 sd·
432 4765 588 4823 emendum.

829 1630 891 1687 Ave
907 1630 996 1686 Jlnesu
1013 1630 1051 1688 mi
1067 1627 1205 1700 benigne,

829 1733 931 1772 nomen
948 1722 1025 1772 tuum
1043 1716 1081 1772 ob
1099 1715 1210 1786 insigne

830 1820 917 1876 surge
934 1805 1033 1873 velox,
1053 1820 1087 1859 ne
1105 1801 1228 1873 maligne

829 1897 931 1965 surgat
948 1891 1040 1948 hostis
1058 1891 1087 1946 in
1104 1907 1149 1945 me
1167 1889 1262 1962 digne.

829 2043 890 2098 Ave
908 2055 1010 2111 passer
1025 2035 1177 2105 saluteris,

829 2127 877 2198 qui
895 2123 1057 2196 frequenter
1074 2121 1230 2178 immolaris

830 2227 915 2281 super
933 2211 989 2265 tuis
1007 2210 1097 2264 sunris
1115 2208 1191 2273 aris,

829 2310 969 2366 nunquam
986 2287 1283 2352 mennonium·

747 2433 749 2442 ‘
829 2444 891 2498 Ave
908 2441 997 2496 dinesu
1014 2451 1122 2505 nosque
1140 2447 1227 2489 sensu

829 2547 849 2586 a
865 2527 1002 2601 progenie
1020 2530 1160 2597 proterve

828 2617 934 2686 hostis,
952 2617 1092 2687 ipsumtu
1110 2611 1253 2674 subservit

828 2719 936 2775 nosque
955 2701 1173 2764 tioieouoervs

790 2853 792 2858 ’
829 2855 890 2912 Ave
908 2856 1007 2908 noster
1025 2849 1195 2918 advocatus,

829 2956 865 2995 ne
883 2940 912 2994 in
929 2943 1021 2995 morte
1040 2939 1193 3007 soporatus

829 3029 907 3108 hosti
924 3028 1023 3084 tradar
1040 3026 1210 3095 imparatus,

829 3134 883 3194 per
900 3121 929 3174 te
949 3130 1064 3186 surgam
1082 3111 1228 3170 excitatus.

830 3270 892 3326 Ave
909 3267 1010 3333 ihesu,
1028 3264 1126 3317 rector
1143 3270 1268 3324 morum,

831 3354 998 3410 distributor
1015 3349 1193 3414 meritorum,

830 3447 863 3498 tu
880 3437 1019 3494 defectum
1036 3433 1193 3490 studiorum

830 3528 931 3599 supple
950 3539 1047 3598 quaeso
1069 3527 1101 3578 te
1115 3533 1250 3584 meorum.

757 3653 759 3660 Α
830 3678 891 3733 Aue
909 3674 1012 3742 Jhesu,
1030 3669 1120 3726 duleis
1138 3670 1231 3732 totus,

830 3781 882 3836 per
900 3767 929 3818 te
949 3759 1048 3816 simin
1065 3761 1160 3812 monte
1177 3756 1262 3808 notus

831 3855 930 3908 sancto
948 3854 1011 3918 tuo,
1031 3862 1089 3916 quo
1106 3843 1254 3914 promotus

831 3954 916 3996 sanus
934 3934 999 3991 fiam
1018 3947 1091 3987 nunc
1110 3931 1246 3998 aegrotus.

830 4090 891 4146 Ave
909 4091 941 4140 tu
958 4077 1103 4138 sollemnis
1121 4073 1211 4145 festu,

830 4181 862 4231 tu
879 4173 1006 4228 solamen
1023 4184 1054 4221 es
1072 4167 1102 4220 in
1119 4167 1236 4232 moestu,

823 4261 925 4319 earnis
944 4271 1029 4313 serva
1046 4270 1091 4310 me
1109 4253 1145 4308 ab
1160 4255 1248 4318 aestu,

831 4352 898 4424 quia
915 4350 984 4404 deus
1001 4359 1128 4402 meuses
1148 4345 1186 4401 tu

790 4487 793 4492 ⁵
830 4503 893 4558 Ave
910 4499 1013 4568 ihesu,
1029 4497 1074 4550 vis
1093 4493 1202 4561 divina,

831 4589 870 4645 ad
887 4604 940 4643 nos
958 4601 1054 4641 aurem
1071 4584 1126 4638 huo
1143 4579 1265 4648 inclina,

832 4681 866 4732 ut
883 4691 935 4730 nos
954 4689 1052 4730 serves
1070 4687 1092 4727 e
1105 4670 1201 4738 ruins,

830 4769 866 4824 tu
882 4764 980 4822 vitalis
996 4759 1144 4823 modiolum
1185 4797 1262 4918 23¹}
