3282 5370
217 306 286 371 162

257 488 342 560 apres
360 487 389 541 le
406 481 446 540 fin
463 483 498 538 de
516 499 561 538 nra
578 483 625 538 vie

257 592 293 630 en
310 578 408 629 vostre
427 571 534 626 saincte
553 569 748 640 compaingnie

256 678 300 718 me
318 657 419 716 mettis
438 655 580 713 ensamble
600 673 669 712 aveo
687 672 768 726 vous,

258 747 306 818 qni
323 745 458 818 presistes
478 744 545 797 char
563 759 636 814 pour
654 758 726 797 nous

261 834 296 888 de
314 833 402 888 lilarie
420 831 555 901 viergene
573 834 602 884 et
618 845 710 898 mers3

938 497 1011 552 pour
1028 477 1076 551 qui
1093 495 1192 536 amour
1209 486 1239 536 et
1256 483 1304 552 qui
1320 483 1415 554 priore
1506 491 1510 498 '

938 585 983 624 ma
1000 573 1130 640 requeste
1149 567 1283 638 recevss,

937 671 1009 711 vous
1028 655 1076 724 qui
1093 653 1173 710 vives
1192 661 1222 711 et
1238 655 1341 730 regnes

937 759 1008 798 avec
1026 743 1090 798 dien
1108 742 1135 798 le
1154 759 1222 814 pere
1241 743 1269 797 le
1287 740 1319 798 fil

937 833 967 883 et
984 827 1012 882 le
1029 827 1109 883 saint
1122 829 1235 898 ceperit

313 921 345 976 V.
365 923 423 976 141.
450 918 577 976 cursem
595 917 676 989 prior
693 931 793 988 passus
812 919 924 985 est,‚ut
940 921 969 972 te
988 916 1191 972 consolaretur.
1226 917 1358 986 dapum
1375 917 1405 972 in
1424 933 1524 991 evang.

222 1009 287 1079 Joln
306 1011 332 1078 3,
351 1010 392 1063 14.
504 1011 505 1016 ’

310 1095 343 1149 V.
362 1095 420 1148 144.
451 1091 534 1148 Cives
559 1090 643 1145 electi
668 1079 796 1160 superne
823 1089 932 1172 patriae.
969 1088 1137 1160 despondi.
1161 1061 1234 1144 hom
1261 1051 1305 1143 in⁸
1318 1105 1361 1144 ev.
1378 1091 1411 1160 2,
1435 1093 1484 1161 24,
1502 1094 1527 1148 t.

222 1181 313 1244 Electi
330 1181 403 1236 nach
420 1180 517 1237 liuttlu
536 1180 579 1248 20,
599 1179 640 1232 tu

506 1463 589 1562 t23.
621 1463 679 1544 Dc
705 1435 869 1570 passione
892 1461 1034 1536 domini.
1062 1457 1108 1532 ad
1134 1461 1252 1562 pedes.

224 1637 326 1702 Salve
348 1634 458 1699 mundi
480 1635 638 1716 salutare,

225 1741 318 1806 salve
341 1741 446 1822 salve,
468 1739 549 1804 Jesu
570 1723 664 1804 care!

226 1843 315 1910 cruci
337 1852 402 1908 tnae
427 1863 478 1908 me
501 1850 616 1928 aptare

225 1947 345 2011 vellem
367 1968 463 2032 vere,
485 1955 521 2012 tu
543 1948 607 2012 seis
630 1965 746 2030 qnare,

269 2048 313 2115 da
334 2049 410 2115 mihi
432 2051 478 2116 tui
501 2051 636 2135 copiam.
829 2049 850 2112 5

225 2212 280 2282 Ao
302 2214 329 2278 si
351 2233 497 2298 praesens
521 2209 579 2297 sis,
602 2211 743 2296 aubedo,

226 2321 321 2386 immo
344 2327 376 2384 te
399 2326 595 2414 praesentem
617 2315 732 2398 oredo,

226 2441 246 2489 o
272 2442 367 2505 quam
389 2421 507 2488 nudum
530 2422 582 2486 hio
604 2429 637 2485 te
660 2437 775 2504 cerno,

225 2545 303 2593 ecoe
326 2527 384 2592 tibi
405 2546 456 2590 me
480 2533 668 2610 prosterno,

267 2630 312 2693 sis
334 2629 439 2694 facilis
462 2627 505 2692 ad
527 2628 664 2692 veniam.
809 2625 849 2690 10

224 2793 345 2860 Olavos
367 2793 505 2877 pedum,
528 2794 646 2876 plagas
669 2790 767 2856 durus

224 2906 344 2962 ettam
367 2915 487 2981 graves
510 2898 724 2979 impressuras
749 2929 752 2936 ν

225 3002 474 3085 circumplector
498 3020 569 3064 oum
592 2999 720 3084 affectu,

224 3111 280 3170 tuo
302 3113 428 3188 pavens
452 3104 484 3167 in
507 3111 655 3188 aspectu,
731 3089 734 3096 ⁵

266 3224 412 3270 meorum
433 3223 556 3270 memor
577 3206 754 3272 vulnerum.
807 3206 847 3290 15

225 3367 342 3433 Grates
365 3373 463 3431 tantae
487 3365 613 3432 caritati
671 3373 686 3460 ’Δ
750 3449 753 3454 Ι

223 3490 283 3537 nos
306 3491 439 3555 agamus
460 3471 633 3558 vulnerati,

224 3595 244 3644 o
268 3584 393 3642 amator
414 3567 653 3660 peecatorum,

222 3690 395 3765 reparator
420 3687 670 3761 constratorum,

266 3803 286 3850 o
310 3786 413 3850 dulcis
435 3793 531 3870 pater
552 3783 753 3868 pauperum'l
804 3785 847 3848 20

224 3947 385 4030 Quidquid
407 3929 457 4012 est
478 3950 512 4012 in
534 3969 585 4013 me
607 3949 816 4035 confractum,

223 4049 412 4134 dissipatum
435 4058 490 4114 aut
513 4051 715 4136 distractum,

223 4151 326 4216 dulcis
344 4152 434 4236 Jesu,
447 4161 557 4238 ¹totum
577 4174 666 4239 sana,

222 4261 257 4318 tu
278 4262 442 4339 restaura,
467 4264 501 4322 tu
524 4259 696 4343 complana

266 4363 331 4420 tam
353 4359 408 4441 pio
430 4359 650 4426 medicamine.
803 4362 845 4424 25

903 1631 950 1697 'l'e
971 1633 1005 1697 in
1026 1640 1083 1697 tna
1104 1651 1201 1698 oruoe
1223 1651 1353 1718 quaro,

901 1744 999 1822 prout
1021 1754 1105 1820 queo
1128 1735 1227 1804 corde
1240 1725 1349 1820 mero,

902 1857 953 1902 me
977 1839 1107 1918 sanabis
1129 1837 1199 1922 hio,
1226 1847 1262 1904 ut
1283 1857 1397 1924 spero,

902 1959 983 2006 sana
1004 1962 1056 2006 me
1078 1949 1113 2006 et
1134 1960 1232 2006 sanus
1254 1960 1312 2007 ero

945 2045 979 2108 in
1000 2051 1055 2108 tuo
1077 2043 1193 2122 lavans
1215 2045 1381 2129 sanguine.
1484 2048 1525 2112 ³0

902 2210 1023 2293 Plagae
1046 2217 1118 2276 tuas
1140 2209 1335 2278 rubicundas
1388 2211 1398 2226 ''

827 2305 830 2312 ¹
886 2321 937 2390 ¹et
958 2313 1080 2377 fixuras
1102 2321 1168 2378 tam
1190 2314 1369 2398 profundas
1401 2297 1403 2302 ¹

902 2417 995 2484 cordi
1015 2435 1088 2486 meo
1111 2417 1164 2485 tec
1185 2419 1335 2502 inscribi,

902 2535 938 2593 ut
960 2525 1107 2609 configar
1128 2535 1214 2593 totus
1237 2529 1295 2593 tibi

946 2632 1106 2697 te‘modis
1129 2652 1240 2698 amans
1263 2633 1417 2700 omnibus.
1486 2636 1527 2700 ³5
1633 2717 1634 2728 2

903 2795 1053 2879 Quisquis
1075 2797 1139 2861 huo
1161 2796 1204 2862 ad
1225 2804 1258 2861 te
1282 2797 1422 2862 accessit

903 2907 936 2963 et
958 2898 1019 2962 hos
1040 2899 1144 2982 pedes
1166 2901 1266 2964 corde
1288 2903 1408 2985 pressit

902 3011 1002 3086 aeger,
1027 3019 1124 3065 sanus
1146 3001 1221 3067 hinc
1244 3003 1418 3100 alpsoessit',

901 3089 1173 3186 hio'relinquens,
1197 3103 1350 3188 quidquid
1372 3106 1484 3190 gessit,

947 3201 1028 3270 dans
1051 3205 1194 3285 osculum
1216 3206 1413 3274 vulneribus.
1484 3210 1526 3274 40
1632 3221 1633 3228 ’

777 3431 780 3438 ,
863 3371 868 3380 “
900 3365 1020 3432 Coram
1038 3371 1140 3434 'cruce
1162 3373 1429 3456 procumbentem

899 3472 1025 3554 hosque
1048 3472 1151 3556 pedes
1173 3473 1455 3557 complectentem,

899 3575 982 3643 Jesu
1003 3574 1147 3658 christe,
1165 3595 1222 3646 ,mc
1244 3597 1286 3640 ne
1309 3595 1462 3662 spernas,

893 3677 960 3742 ¹sed
982 3678 1023 3741 de
1047 3696 1143 3742 cruce
1167 3685 1281 3742 sancta
1302 3697 1418 3744 cernas

943 3783 1175 3866 compassionis
1197 3784 1312 3866 gratia.
1484 3786 1526 3849 45

899 3948 936 4013 In
958 3919 1021 4012 hac
1043 3965 1140 4011 cruce
1163 3955 1252 4012 stans
1271 3947 1393 4012 directe

898 4048 975 4112 vide
997 4065 1065 4130 me,
1088 4065 1108 4111 o
1129 4050 1173 4112 mi
1195 4051 1328 4132 dilecte,

898 4159 1000 4217 totum
1022 4172 1073 4215 me
1097 4151 1140 4216 ad
1161 4159 1193 4216 te
1217 4161 1387 4238 converte,

900 4265 991 4343 ,esto
1014 4253 1142 4340 sanus“,
1168 4258 1220 4322 dio
1242 4267 1372 4343 aperte,

943 4361 1087 4446 „dimitto
1110 4362 1168 4428 tibi
1190 4358 1326 4426 omnia.“
1483 4362 1526 4428 5⁰

308 4543 354 4598 lis.
373 4561 408 4598 nu
424 4545 516 4601 Maian
535 4547 600 4614 (A),
620 4545 718 4600 Kartlu
736 4547 788 4603 No.
807 4548 861 4602 599
880 4547 921 4602 Bl
940 4548 975 4602 63
992 4565 1044 4604 aus
1063 4549 1126 4606 dem
1144 4551 1178 4604 14
1194 4549 1292 4604 Jahrln
1320 4549 1377 4606 Das
1390 4550 1459 4604 Lied
1477 4549 1527 4604 bei

220 4627 320 4686 Daniel
337 4635 363 4699 2,
381 4633 434 4685 359
452 4632 490 4686 ist
508 4632 569 4686 eine
584 4633 688 4688 endere
705 4634 904 4708 Bearbeitnng,
923 4650 1029 4691 wovon
1047 4653 1099 4692 nur
1118 4637 1161 4692 die
1180 4635 1353 4708 Strophen1
1372 4639 1429 4694 und
1443 4642 1460 4690 ἵ
1473 4637 1526 4692 mit

220 4717 326 4791 obigeu
351 4722 366 4774 1
390 4719 447 4780 und
469 4720 487 4776 3
511 4721 754 4781 ibereinstimmen
781 4723 845 4796 (lt).
880 4723 939 4789 Das
961 4723 1029 4787 Lied
1053 4724 1128 4782 wind
1152 4724 1214 4785 dem
1236 4726 1423 4788 lnBernhart
1440 4741 1528 4798 cuge·
