3312 5366
1366 353 1432 420 249

118 547 271 615 Viatores
293 568 354 632 per
376 548 474 613 devia
801 547 855 612 ubi
878 547 968 612 nulla
990 547 1135 630 tristitia,
1391 545 1435 608 45

162 649 183 690 ¹*
204 650 299 734 (fehlt
324 651 340 715 1
368 647 472 733 Vera.)
844 651 899 718 uhi
921 659 997 736 post
1018 650 1103 716 hanc
1124 649 1286 716 miseriam

119 762 336 839 properantes
358 752 531 838 periuria
801 761 926 818 aeterna
949 753 1067 817 dantur
1088 751 1223 839 praemia

163 856 264 922 ducas
287 856 331 922 ad
352 857 441 920 illam
463 852 617 938 gloriam,
845 865 922 938 post
944 854 1045 920 vitam
1067 854 1294 920 transitoriam.

209 1033 256 1088 iis.
274 1048 309 1087 nu
325 1031 516 1099 Liohtenthal,
545 1029 579 1084 14
596 1029 695 1086 tantu.
733 1029 803 1088 Jeds
821 1029 946 1104 strophe
964 1031 1015 1088 hat
1032 1049 1084 1090 nur
1101 1035 1119 1088 2
1136 1032 1246 1104 Raima,
1263 1032 1320 1088 und
1337 1029 1432 1104 regel-

120 1120 228 1192 ntssig
245 1120 468 1194 Gcgenstellnng
486 1120 537 1175 der
554 1117 714 1175 Godanlren

210 1241 261 1296 Die
287 1241 334 1298 Hs.
358 1242 409 1296 hat
431 1241 548 1297 manche
572 1242 682 1298 Fehlcr.
727 1243 853 1298 1nnn3
877 1243 940 1298 siuti
958 1259 993 1298 nu
1009 1244 1097 1312 iruna,
1126 1243 1222 1318 jenem
1240 1242 1278 1298 ist
1295 1245 1372 1296 etwa
1390 1244 1430 1308 tu,

121 1329 226 1384 diesem
243 1334 275 1384 nt
293 1335 487 1385 vornusetnen.
521 1329 574 1386 Die
592 1329 728 1388 Losarten
746 1329 796 1386 der
814 1331 861 1388 ils.
880 1333 955 1388 siud:
976 1335 992 1386 1
1012 1329 1193 1403 septiformis.
1228 1333 1246 1384 2
1264 1333 1391 1385 nostram
1409 1330 1429 1382 t.

118 1415 293 1472 ttimminis.
334 1419 351 1470 t
378 1421 408 1472 tc
435 1415 482 1472 dil.
527 1418 544 1472 9
572 1415 700 1474 internis.
746 1421 780 1472 10
807 1420 997 1476 concordiam
1042 1422 1076 1474 13
1104 1417 1234 1475 externis.
1271 1417 1306 1470 to
1337 1427 1431 1484 supro⁴

121 1503 157 1558 18
175 1507 225 1559 est
260 1503 297 1558 20
324 1507 353 1561 ct
370 1503 390 1558 h
409 1535 440 1544 -
460 1505 582 1575 ponitus.
617 1509 653 1560 27
681 1506 772 1561 tristis
797 1503 845 1561 ttir
873 1507 986 1564 Christi.
1021 1509 1057 1562 oo
1084 1507 1217 1564 homines.
1252 1505 1288 1560 43
1311 1515 1432 1575 prospo-

120 1594 226 1646 rsntee.
261 1589 297 1644 ts
315 1590 436 1647 vulnera
453 1588 501 1647 tur
518 1593 603 1649 nulla
630 1593 665 1649 46
683 1598 791 1664 practer
808 1591 857 1648 fir
874 1599 947 1665 post.
968 1596 1003 1649 47
1022 1595 1104 1650 datur
1121 1599 1236 1650 eterna
1262 1592 1298 1647 48
1316 1593 1433 1662 praeter.

209 1709 244 1766 V.
262 1713 298 1766 2⁰
316 1711 441 1768 erinnert
458 1729 494 1768 an
512 1713 565 1770 No.
585 1714 646 1784 184,
665 1716 705 1768 tu.

211 1795 243 1857 V.
261 1800 303 1854 35.
321 1800 364 1855 36.
399 1798 464 1872 Vgi.
482 1799 535 1855 No.
556 1802 616 1872 105,
635 1803 659 1857 7.

373 2112 457 2186 191.
495 2113 606 2186 Horae
633 2115 812 2185 canonicae
838 2111 884 2185 de
910 2115 1034 2214 spiritu
1058 2121 1191 2186 sanctu.

635 2319 686 2390 od
709 2320 924 2392 matutinam.

381 2493 484 2560 Nobis
507 2494 613 2559 sancti
634 2493 766 2578 spiritus
789 2494 896 2578 gratia
918 2493 960 2558 sit
982 2491 1075 2573 data,

384 2600 428 2664 de
451 2619 516 2683 qua
537 2601 633 2683 virgo
652 2600 814 2683 virginum
837 2601 897 2664 fuit
919 2600 1127 2680 obumbrata,

385 2721 461 2769 cum
482 2724 542 2790 per
564 2711 709 2769 sanctum
733 2705 885 2787 angelum
907 2704 967 2768 fuit
990 2703 1147 2783 salutata,

385 2810 522 2874 verbum
545 2825 623 2872 caro
646 2808 766 2874 factum
788 2815 848 2890 est,
870 2809 967 2892 virgo
990 2805 1173 2872 fecundata.

663 3000 714 3072 ott
734 3001 896 3097 primam.

384 3145 522 3229 Virgine
546 3144 588 3208 dc
610 3141 678 3210 filia
700 3152 796 3228 pater
817 3146 878 3209 fuit
900 3153 1012 3226 natus,

384 3248 575 3332 crucifixus,
597 3255 742 3312 mortuus
766 3255 863 3331 atque
885 3247 1075 3331 tumulatus,

387 3371 565 3435 resurgens
588 3351 753 3436 discipulis
775 3352 835 3416 fuit
859 3352 1098 3417 demonstratus

384 3465 419 3522 et
443 3457 523 3540 ipsis
546 3455 752 3520 cernentibus
776 3456 875 3520 oaelos
900 3456 1056 3522 elevatus.

670 3655 720 3725 ad
747 3656 892 3726 tertiam.

389 3799 438 3864 De
462 3799 545 3872 oaelo
568 3798 744 3884 discipulos
768 3799 847 3864 deus
870 3783 1030 3881 visitavit,

389 3921 482 3969 suum
505 3911 651 3969 sanctum
674 3903 821 3986 spiritum
843 3903 890 3966 eis
914 3902 1099 3985 delegavit,

387 4008 422 4072 in
446 4006 498 4070 dio
521 4014 730 4089 pentecostes
752 4006 843 4089 ipsos
866 4003 1094 4088 confirmauit,
1126 4030 1129 4034 ·

390 4112 557 4198 orphanos
579 4112 763 4193 relinquere
784 4111 875 4193 ipsos
898 4109 1083 4192 denegavit.

686 4308 735 4378 ad
757 4315 902 4378 sextam.

389 4453 620 4541 Septisormem
641 4455 779 4538 gratiam
802 4461 879 4518 tuno
901 4459 1171 4537 acceptaverunt,

392 4581 494 4644 quare
516 4561 670 4626 idiomata
692 4567 808 4624 cuncta
831 4565 1070 4641 cognoverunt,

392 4665 436 4731 ad
459 4665 592 4730 diversa
614 4665 743 4730 climata
765 4663 874 4728 mundi
897 4667 1106 4728 recesserunt

393 4781 428 4840 et
450 4773 549 4842 fidem
571 4772 763 4842 catholicam
786 4778 862 4838 tuno
884 4770 1158 4857 praedicaverunt.
