3280 5358
170 535 175 544 ·
203 509 235 564 V.
254 509 366 566 84-86.
393 509 441 584 τὴν
459 509 560 583 φάτνην
572 510 770 590 προσκύνησον,
788 513 824 568 δι’
842 509 874 585 ἢν
894 511 994 589 ἄλογος
1012 509 1049 570 cir
1062 511 1182 588 ἐτράφης
1195 508 1250 572 ini
1264 511 1424 595 wiio'qoo.
1508 537 1511 544 ’

114 596 225 668 Greqor.
249 598 312 654 Nar
337 613 378 654 or.
397 600 433 654 38
457 615 483 670 p.
500 601 560 656 623.
604 601 710 657 Hieron
728 599 758 654 in
775 596 876 654 Ruffin.
895 601 921 668 3,
938 603 981 656 22.
1007 607 1074 674 negt
1092 617 1148 658 von
1166 601 1230 658 dem
1247 601 1423 664 (ieburtrort

111 683 220 738 Christi
243 701 277 738 uu
301 685 478 739 Bethlehem:
511 687 631 742 adoravi
654 701 783 758 praesepe
807 691 837 742 et
860 685 1029 742 incunabula
1047 687 1214 758 salvatoris,
1246 689 1275 745 in
1293 691 1424 748 welches·

112 770 203 826 stelle
227 773 341 828 adorare
365 772 503 826 verehren
522 773 625 844 hebet,
649 773 706 828 wie
725 773 989 847 chenrimuntensis,
1017 775 1089 830 deun
1108 775 1219 848 Gregor
1237 777 1293 832 und
1310 777 1420 835 fliero-

111 873 212 930 nymus
231 859 401 915 ver-standon
419 861 514 918 sowol
531 859 576 916 die
596 861 761 932 Bedentnng
779 859 830 916 der
847 861 952 917 Worte
970 859 1014 916 ele
1032 861 1104 916 euch
1123 861 1168 916 die
1187 861 1423 922 Glnubensiebrc.

405 1145 464 1219 52.
504 1145 548 1218 ln
574 1123 753 1220 nativitdtc
781 1145 921 1218 domini.
960 1143 1120 1246 hymnus.

111 1321 204 1386 Nunc
227 1320 306 1386 deus
330 1341 446 1388 carens
468 1331 616 1410 tempore

111 1425 384 1490 circumscribitur
407 1435 555 1511 tempore

110 1526 255 1590 nascitur
278 1533 311 1589 et
333 1525 374 1590 de
396 1528 542 1611 virgine,

112 1629 169 1712 qui
191 1636 284 1694 natus
307 1637 357 1694 est
379 1641 545 1716 perpetue.

110 1789 250 1876 Tempus
273 1802 306 1857 et
327 1793 412 1860 diem
431 1813 625 1880 congruum,
715 1799 735 1862 5

108 1895 223 1958 horam
249 1897 417 1980 locumque
440 1899 592 1982 placitum

108 1999 211 2081 elegit
232 1999 337 2064 factor
361 2004 500 2066 omnium

107 2100 152 2164 ad
174 2119 265 2166 suum
287 2104 473 2168 natalitium.

107 2261 224 2330 Edicto
248 2265 300 2329 die
323 2265 482 2332 dominica

107 2369 252 2430 nascitur
274 2377 369 2433 nocte
392 2369 498 2433 media

107 2471 231 2535 brumae
254 2472 312 2534 sub
335 2470 540 2535 inclementia

106 2574 302 2656 peregrinus
325 2593 345 2636 ιι
367 2575 482 2655 patria.

105 2737 210 2802 Natus
233 2737 265 2800 iu
288 2735 468 2800 diversorio

101 2845 238 2928 ponitur
260 2844 292 2907 in
314 2846 493 2929 praesepio,

102 2949 195 3014 'cultu
217 2956 322 3013 tectus
345 2951 552 3033 pauperrimo

101 3055 193 3120 bove
217 3054 301 3117 calet
324 3062 357 3118 et
380 3055 479 3122 asino.

102 3213 227 3284 Latens
249 3217 358 3282 muudi
380 3219 591 3304 prudentibus

104 3330 139 3386 et
161 3319 248 3386 noxd
271 3322 515 3408 dormientibus,
557 3389 563 3404 ,

99 3424 296 3507 propalatur
318 3426 514 3510 simplicibus

103 3528 202 3609 gregi
223 3527 473 3610 invigilantibus.
689 3533 730 3596 20

106 3690 278 3768 Quodlibet
299 3693 414 3758 horum
435 3695 574 3761 maximo

102 3795 259 3862 refertum
282 3807 333 3862 est
354 3801 526 3882 mysterio,

104 3897 225 3965 Christi
248 3903 371 3983 quaevis
392 3912 427 3966 ut
450 3904 534 3968 actio

101 4011 215 4068 nostra
237 4005 336 4070 scitur
359 4006 536 4071 instructio.

99 4163 217 4242 Quidni
242 4168 370 4252 sapiant
393 4167 514 4248 omnia,

100 4271 166 4334 siut
189 4289 316 4354 quoque
340 4272 553 4356 exemplaria,

96 4393 176 4457 quse
199 4377 301 4458 patris
324 4377 483 4460 sapientia

97 4480 206 4561 gessit
227 4480 339 4545 nostri
362 4478 565 4547 substantii?

98 4643 175 4712 Non
199 4644 302 4708 solum
323 4661 383 4708 nos
406 4644 567 4710 redimere

98 4749 199 4836 venit,
223 4747 283 4816 sed
306 4757 339 4818 et
359 4750 535 4837 instruere,
609 4803 612 4812 ,

687 4748 740 4817 30,
783 4767 866 4818 uera
886 4745 1030 4818 abundat
1051 4740 1182 4832 gloria?

789 1333 825 1391 ut
845 1325 913 1390 vita
935 1323 1029 1388 simul
1051 1331 1084 1388 et
1108 1331 1211 1390 morte

788 1429 893 1514 possit
913 1429 1007 1493 nobis
1029 1425 1199 1513 proficere.

788 1587 891 1654 Natus
913 1587 1011 1654 edicti
1033 1595 1180 1676 tempore

789 1701 881 1756 curat
903 1691 1097 1758 obedientie

788 1794 938 1858 virtutem
960 1803 1068 1860 notam
1090 1796 1200 1862 facere
1371 1794 1419 1865 ³5

787 1915 911 1980 nosque
934 1897 976 1964 ed
998 1899 1083 1964 hanc
1104 1898 1287 1966 incendere.

788 2056 856 2124 Sub
880 2059 942 2126 hac
964 2059 1034 2144 ipse
1057 2058 1253 2144 concipitur,

787 2162 945 2246 nascitur,
969 2163 1064 2244 vivit,
1088 2163 1241 2246 moritur,

787 2263 912 2347 hacque
934 2273 1088 2328 venturus
1112 2263 1254 2330 creditur

695 2372 735 2435 10
783 2368 897 2453 judex,
920 2375 955 2433 ut
976 2368 1046 2450 ipse
1069 2367 1219 2450 loquitur.
1371 2363 1417 2431 io

788 2527 871 2606 Quid
892 2523 959 2593 hac'
975 2527 1095 2590 virtute
1118 2526 1240 2605 carius,

787 2631 941 2712 divinius,
964 2629 1186 2714 praestantius,

787 2755 882 2818 quam
904 2742 969 2798 tam
991 2732 1073 2816 vigil
1094 2733 1127 2795 iu
1150 2732 1295 2798 omnibus

786 2841 940 2904 observat
962 2836 1015 2902 dei
1038 2835 1148 2900 tilius?

784 3005 835 3072 En
857 3005 910 3070 die
932 3005 1010 3070 solis
1033 3021 1178 3085 congrue
1367 3003 1414 3072 46

784 3110 927 3173 nascitur
949 3108 999 3172 sol
1017 3107 1168 3192 justitie,

783 3234 844 3298 per
866 3233 961 3298 quem
982 3231 1047 3278 nox
1070 3210 1263 3296 ignorantia

784 3320 855 3384 dies
877 3317 934 3382 fiet
956 3317 1107 3382 scientiae.

782 3484 866 3550 Dum
887 3483 1025 3550 medium
1048 3481 1208 3548 silentium

783 3590 904 3672 lingue
926 3595 1075 3652 tenerent
1096 3585 1237 3649 omnium
1369 3579 1415 3648 5⁰

779 3693 941 3776 justornm
962 3688 1243 3776 prophetantium,

784 3800 885 3863 oritur
906 3799 1013 3864 lumen
1036 3795 1187 3880 gentium.

781 3962 933 4026 Nascitur
955 3968 989 4023 et
1010 3959 1044 4021 in
1065 3957 1209 4021 tenebris

783 4071 914 4130 creator
937 4061 1038 4126 omnis
1060 4059 1203 4141 luminis,

782 4178 818 4235 ut
840 4167 958 4231 doxam
980 4165 1084 4230 laudis
1106 4165 1233 4248 fragilis
1367 4165 1413 4228 55

782 4279 926 4357 spernat,
949 4273 1089 4336 honores
1108 4271 1235 4335 nobilis.

782 4438 910 4505 Homini
933 4437 1010 4521 quid
1033 4455 1104 4502 cum
1127 4436 1234 4520 gloria

782 4561 869 4607 vana
893 4561 932 4607 ac
954 4541 1158 4624 deceptoria,

784 4646 838 4728 qui
859 4642 978 4709 munda
1001 4640 1198 4707 conscientia

1368 4739 1419 4808 60
