3280 5358
1371 285 1418 354 bb

195 479 227 534 V.
247 483 287 534 11.
315 481 393 535 Leon
412 495 446 534 m.
478 493 559 532 serm.
581 476 631 546 26,
656 477 680 530 1.
703 479 771 545 sagt
795 490 853 528 von
871 473 1057 528 Weihnacht:
1090 469 1150 526 dies
1169 469 1321 526 hodiernus
1339 486 1415 528 nova

108 567 192 623 etiam
215 567 244 622 in
269 566 413 621 elementis
441 565 505 619 luce
533 563 665 620 radiante
692 577 788 616 eornm
812 559 940 616 sensibus
965 559 1071 614 nostris
1089 557 1226 614 mirabilis
1245 559 1415 614 sacramenti

109 655 214 726 ingerit
232 654 395 710 claritatem.
411 684 443 694 -
457 649 555 708 Omnia
568 649 707 705 elementa
721 652 864 703 auctorem
877 662 956 702 suum
969 645 1081 700 venisse
1095 651 1200 701 testata
1214 651 1284 702 snut
1304 645 1414 716 Gregor.

110 744 145 798 11.
163 743 235 797 hom.
253 737 285 795 in‘
301 755 343 794 ev.
362 741 388 808 1,
406 739 449 807 10,
467 741 493 792 2.

126 817 143 862 :⁴
198 830 230 884 V.
247 829 290 883 30.
318 828 392 882 Deus
409 826 512 896 ubique
529 839 664 895 presens,
683 837 735 877 neo
753 825 926 893 permotum
944 819 1030 889 venit,
1048 833 1099 873 neo
1117 825 1284 890 permotum
1300 820 1415 878 recedit

111 917 219 1004 (ἕτερον.
237 917 273 971 Μ.
289 913 383 972 homil
401 911 494 998 innev,
508 914 532 982 1,
550 913 576 982 2,
594 911 618 964 6.

507 1231 567 1305 37.
601 1230 659 1300 Dc
686 1229 863 1300 nativitate
889 1225 1031 1302 domiui.

668 1367 678 1394 0

112 1421 231 1504 Fregit
252 1418 362 1486 Adam
384 1415 587 1485 interdictum
837 1435 910 1500 quae
932 1423 1077 1480 naturam
1099 1415 1246 1498 praeterit
1378 1417 1417 1480 15

115 1523 149 1587 et
170 1523 302 1604 reliquit
324 1521 387 1586 hoc
410 1520 561 1585 delictum
836 1521 907 1584 sole
930 1527 1202 1602 praetermorem,

161 1624 302 1708 posteris
323 1623 449 1685 miseris
835 1625 923 1708 pium
945 1624 1192 1707 redemptorem.

157 1745 287 1810 poenam
310 1727 414 1809 culpae
436 1725 574 1808 veteris;
879 1745 899 1792 0
923 1736 1042 1811 quanta
1063 1727 1207 1792 miseria!

119 1831 134 1874 -“
157 1830 262 1894 libera
285 1829 425 1894 conditio
721 1831 740 1892 5

158 1933 314 2014 mergitur
335 1933 367 1995 in
390 1933 484 2018 vitio,

157 2036 249 2118 viget
270 2035 302 2097 in
324 2043 440 2100 natura

116 2211 120 2218 ,
158 2139 355 2224 conjectura,

201 2259 221 2304 0
245 2250 365 2324 quauta
387 2243 532 2308 miseria!

792 1887 854 1953 Hic
876 1889 1007 1972 adjutor
1029 1897 1230 1974 opportunus

792 1999 971 2075 apeocutc
993 1991 1076 2056 liber
1097 1995 1419 2060 001120

836 2095 974 2177 exstitit,
999 2095 1116 2158 restitit

834 2197 935 2278 hosti,
962 2199 1016 2280 qui
1037 2217 1097 2262 nos
1119 2199 1281 2284 perdidit;

836 2303 890 2384 qui
912 2301 987 2366 dum
1007 2303 1089 2384 petit
1111 2302 1279 2387 humilem,

111 2404 228 2488 Fregit
251 2407 346 2472 homo
369 2416 498 2490 pactum
521 2407 592 2488 dei,
700 2406 741 2468 10
835 2412 939 2468 100111
962 2413 998 2468 01
1019 2407 1218 2488 vincibilem,

111 2507 200 2574 uude
224 2528 331 2574 sumus
354 2528 465 2573 omnes
487 2509 551 2589 rei,
836 2513 928 2570 satan
951 2515 1140 2588 enervatur,
1375 2513 1417 2575 25

157 2612 316 2696 patimur,
340 2613 477 2675 labimur
838 2609 956 2692 Vincit,
981 2610 1034 2692 qui
1055 2617 1238 2694 temptetur.

159 2723 379 2798 aeternumque
402 2715 568 2796 morimur,
884 2731 903 2778 0
926 2721 1045 2798 quanta
1067 2716 1220 2781 victoria!

159 2819 264 2884 donec
286 2820 381 2902 virgo
403 2819 547 2904 peperit,

202 3004 251 3059 Hs.
268 3021 303 3058 nu
321 3003 435 3060 Colmar
452 3019 504 3059 aus
522 3004 667 3074 hiarbach,
687 2971 720 3058 12
738 3003 834 3060 Jahrb

202 3130 234 3184 V.
253 3133 275 3184 1.
300 3130 389 3185 Adam
408 3132 492 3186 homo
510 3131 634 3200 peccati,
654 3131 782 3186 Christus
798 3131 926 3203 justitiae.
944 3135 1070 3185 mortuus
1089 3145 1120 3184 es
1138 3130 1167 3184 in
1184 3131 1281 3200 Adam,
1300 3147 1419 3206 resurge

111 3219 143 3274 in
163 3218 285 3287 Christo,
304 3234 367 3272 nam
385 3222 531 3288 utrumque
549 3217 667 3272 debetur
680 3218 746 3287 tibi;
760 3218 822 3290 jam
837 3217 981 3273 credidisti
994 3218 1023 3272 in
1039 3218 1188 3288 Christum,
1206 3220 1309 3276 reddes
1318 3225 1419 3292 tamen,

112 3305 191 3376 quod
209 3305 294 3359 debes
313 3304 347 3358 de
366 3304 467 3359 Adam
488 3307 619 3378 Angustia
638 3308 667 3362 iu
685 3324 785 3380 evang.
803 3308 866 3363 doh
886 3309 911 3376 3,
931 3310 971 3362 13.

201 3391 234 3446 V.
254 3393 295 3446 15.
322 3392 375 3446 llic
401 3393 427 3446 si
450 3392 525 3448 ratio
550 3393 701 3464 quaeritur,
728 3409 785 3448 001
807 3393 863 3449 erit
886 3394 1030 3465 mirabile3
1061 3397 1086 3450 si
1111 3397 1266 3467 exemplum
1283 3397 1419 3468 poscitur,

112 3497 171 3538 non
190 3481 245 3536 erit
263 3480 414 3552 singulare.
449 3480 567 3552 Demus,
587 3482 667 3536 deum
685 3481 790 3552 aliquid
808 3497 907 3551 posse,
927 3483 1001 3552 quod
1019 3501 1071 3540 uns
1091 3482 1229 3540 fateamur
1246 3485 1420 3556 investigare

113 3586 172 3624 non
196 3585 288 3639 posse.
314 3568 344 3622 iu
371 3567 480 3628 talibus.
503 3569 586 3625 rebus
612 3575 674 3626 tota
698 3569 772 3624 ratio
795 3566 867 3625 facti
891 3575 935 3625 est
964 3571 1092 3641 potentia
1115 3568 1253 3626 facientis.
1288 3574 1422 3644 Augustini

117 3655 321 3726 epist.137,8.
810 3657 815 3673 '

204 3744 236 3799 V.
253 3746 296 3799 20.
323 3745 451 3801 Christus
469 3743 529 3799 sine
547 3747 666 3814 peccato
684 3759 747 3798 esse
766 3743 878 3812 debuit,
898 3743 946 3813 qui
963 3759 1016 3812 pro
1034 3742 1232 3814 peccatoribus
1250 3743 1421 3800 intervenire

117 3831 269 3901 potuisset,
301 3833 367 3902 quia
393 3832 521 3887 nimirum
548 3832 649 3887 alienae
676 3830 842 3902 pollutionis
861 3831 995 3901 contagia
1012 3847 1069 3886 non
1086 3835 1226 3902 tergeret,
1259 3833 1285 3887 si
1303 3837 1422 3908 propria

116 3917 275 3974 sustineret
311 3920 419 3990 Grepcr.
437 3920 473 3974 M.
490 3917 588 3974 moral
607 3920 650 3986 21,
668 3920 694 3972 l.

204 4005 236 4060 V.
254 4009 296 4061 23.
332 4006 469 4060 humilem.
504 4006 650 4077 Superbus
678 4005 822 4075 diabolus,
859 4005 922 4060 dum
949 4005 1090 4062 Christum
1117 4008 1247 4064 humilem
1273 4011 1420 4083 conspicit,

116 4095 199 4150 deum
217 4112 279 4150 esse
299 4094 444 4150 dubitavit
486 4095 552 4165 quia
574 4096 663 4168 igitur
686 4095 848 4166 passibilem
872 4094 956 4164 vidit,
988 4111 1045 4150 non
1068 4095 1148 4151 deum
1166 4103 1274 4168 natum,
1306 4100 1357 4154 sed
1375 4100 1421 4154 dei

115 4183 213 4256 gratia
237 4183 406 4238 custoditum
430 4183 555 4238 credidit
592 4185 758 4255 60090111.
784 4183 883 4239 morel
908 4177 998 4253 1,'ta.
1016 4171 1169 4240 'Diabolus
1193 4203 1250 4241 non
1272 4185 1420 4254 intellexit,

116 4270 194 4341 quod
212 4270 354 4325 saeviendo
373 4271 402 4326 iu
421 4269 560 4328 Christum
579 4288 658 4326 suum
676 4272 836 4327 destrueret
852 4269 1057 4342 principatum,
1089 4273 1154 4343 quia
1171 4273 1292 4342 autiquae
1311 4269 1420 4327 fraudis

112 4358 184 4431 jura
201 4373 258 4412 uon
276 4359 418 4429 perderet,
437 4357 462 4413 si
476 4375 507 4412 se
526 4373 544 4413 a
562 4359 666 4416 domini
682 4361 751 4416 desu
770 4360 906 4432 sanguine
925 4363 1090 4418 contineret.
1117 4362 1168 4417 sed
1180 4360 1289 4416 malitia
1302 4357 1421 4415 nocendi

116 4445 203 4502 avida
221 4445 284 4501 dnm
301 4447 397 4516 irruit,
417 4447 487 4515 ruit,
507 4446 570 4502 dum
589 4448 672 4518 capit,
692 4453 775 4520 capta
793 4453 851 4519 est,
870 4449 934 4504 dum
952 4450 1132 4520 persequitur
1149 4448 1304 4515 mortalem,
1322 4443 1421 4500 incidit

115 4533 145 4588 in
164 4533 344 4588 salvatorem.
379 4534 608 4590 100011110οι0.
627 4527 670 4603 60,
688 4537 713 4590 3.

203 4621 235 4676 V.
254 4623 296 4676 21.
323 4622 426 4690 Quibus
444 4622 535 4677 modis
556 4622 686 4678 diabolus
704 4623 821 4693 primum
844 4625 982 4680 hominem
1002 4625 1118 4693 stravit,
1150 4623 1252 4678 eisdem
1269 4618 1359 4676 modis
1377 4635 1422 4674 se·

116 4710 208 4772 cnudo
226 4710 333 4768 homini
350 4715 459 4768 tentato
478 4710 629 4768 succubuit.
666 4710 774 4783 1100900.
793 4713 828 4768 Μ.
845 4713 918 4772 hom.
936 4713 965 4770 in
983 4729 1027 4770 ev.
1046 4716 1071 4783 1,
1090 4713 1132 4783 16,
1150 4713 1175 4766 3.
