3324 5358
117 515 185 583 quia
202 527 257 582 pax
275 517 331 582 est3
350 511 415 566 bibe
433 511 584 582 Christum,
603 511 668 582 quia
686 506 799 566 humina
819 511 853 566 de
871 515 971 566 ventre
986 511 1048 582 ejus
1062 509 1149 568 fluent
1162 527 1243 584 aquae
1257 513 1340 584 vitae3
1358 514 1425 575 bibe

120 601 275 668 christum,
300 604 331 655 ut
349 599 431 654 bibas
450 598 626 671 sauguinem,
645 614 702 670 quo
720 598 862 654 redemtus
880 615 926 670 es3
957 598 1023 654 bibe
1042 599 1197 669 Christum,
1215 605 1247 656 ut
1267 600 1346 656 bibas
1365 616 1426 658 eer-

119 704 217 743 moues
236 703 307 759 epus.

207 774 239 830 V.
259 776 301 828 89.
327 775 356 828 in
374 789 445 844 pace
463 772 591 842 imperat
618 771 718 826 Dieser
735 771 855 828 Friedeu
873 771 973 829 Gottes
1000 772 1075 828 vvird
1102 769 1146 828 olt
1172 774 1201 828 iu
1228 774 1282 829 den
1307 773 1429 831 Liedern

120 862 259 930 erwiihnt,
277 862 350 916 nach
366 860 431 916 Joln
451 862 493 929 ld,
511 861 556 912 27.
591 857 726 928 dometicis
743 875 825 914 serm.
843 861 886 928 tu,
904 862 947 913 21.
966 865 1033 931 sagt
1050 859 1184 915 dardber:
1203 861 1259 915 hoc
1277 866 1323 917 est
1340 867 1430 919 testa·

118 956 241 1006 mentum
259 949 351 1020 pacis:
381 948 515 1020 quaelibet
532 945 677 1000 hereditas
695 945 837 1001 dividatur
854 946 929 1001 inter
947 952 1110 1016 consortes,
1129 947 1207 1018 pacis
1226 949 1369 1006 hereditas
1388 949 1430 1004 di·

118 1039 180 1094 vidi
197 1055 254 1094 nou
272 1043 376 1109 potest.
402 1053 459 1108 pax
476 1037 577 1090 nostra
595 1033 724 1090 Christus
743 1037 794 1088 est
826 1049 882 1104 pax
900 1031 970 1088 facit
988 1039 1107 1104 unaque
1125 1027 1222 1104 uuum',
1243 1051 1299 1092 uon
1317 1036 1373 1093 dno
1392 1036 1429 1092 de

119 1143 185 1182 uno.
220 1125 302 1180 Nach
319 1127 419 1196 Ephes.
437 1127 464 1193 2,
483 1125 524 1178 lt.
560 1120 626 1194 Vgl.
644 1121 698 1180 No.
715 1123 777 1192 252,
796 1125 820 1176 l.

208 1212 241 1267 V.
260 1214 302 1268 96.
328 1210 467 1284 pacificat.
493 1211 649 1282 Mediator,
667 1209 724 1268 hoc
742 1217 786 1268 est
802 1211 1011 1268 reconciliator.
1047 1213 1180 1283 lumbo.
1198 1211 1331 1268 enchirid
1350 1213 1392 1268 1⁰.

555 1547 643 1624 259.
682 1547 857 1623 Salutatio
884 1551 986 1624 dese.

117 1779 210 1863 Ave,
234 1800 327 1864 quem
351 1779 517 1866 desidero,
781 1789 900 1848 ,totum
925 1799 998 1846 esse
1020 1782 1185 1866 frivolum,

162 1905 257 1968 quem
279 1884 375 1949 avide
394 1885 540 1970 requiro,
843 1885 930 1970 quod
952 1887 1069 1970 suasit,
1093 1887 1269 1954 ostendisti.

118 2008 212 2072 quem
234 1989 378 2073 proludit
400 1998 494 2058 utero

109 2179 111 2184 Ι
160 2092 268 2156 Maria
288 2109 379 2154 mere
401 2091 492 2154 miro.

797 2045 891 2133 Ave,
915 2049 970 2134 qui
991 2071 1053 2135 per
1075 2051 1232 2137 plurimos

295 2215 298 2220 ,
841 2151 973 2216 labores
995 2153 1188 2237 transivisti,

51 2340 59 2356 ‚
117 2252 211 2337 Ave,
233 2270 296 2338 pro
318 2272 370 2316 me
392 2251 509 2316 vilibus
725 2250 745 2312 5
797 2254 913 2319 vivens
934 2255 1019 2318 inter
1041 2257 1156 2339 impios

158 2356 228 2440 jam
251 2355 366 2438 pannis
388 2353 567 2433 involutus,
840 2364 877 2421 ut
899 2375 1018 2438 agnum
1040 2363 1073 2420 te
1096 2356 1235 2439 gessisti.

116 2458 269 2525 membris
291 2456 489 2524 infantilibus

117 2645 120 2650 Ι
160 2579 197 2624 cs
219 2566 356 2644 propter
378 2578 429 2624 me
453 2557 591 2624 indutus.
797 2515 874 2586 Ave
897 2515 1026 2582 Christe
1048 2518 1184 2602 optime,

842 2641 904 2686 ave
927 2639 947 2686 ο
970 2619 1075 2688 dhesu
1096 2624 1200 2705 bone,

115 2719 208 2803 Ave,
234 2740 328 2803 quem
351 2719 513 2784 exercitur
797 2744 929 2791 reorum
950 2727 1115 2792 mitissime

160 2823 277 2889 adorat
298 2824 503 2906 angelorum,
701 2821 743 2888 10
843 2837 1013 2913 susceptor
1036 2835 1069 2893 et
1091 2835 1238 2912 patrone.

115 2929 150 2993 in
173 2929 316 3013 praesepi
339 2928 465 3012 positus

160 3053 221 3120 pro
243 3035 331 3098 foeno
350 3033 577 3120 jumentorum.
678 3013 680 3020 '
797 2989 893 3076 Ave,
916 2992 971 3074 qui
993 2992 1194 3059 coenautibns

841 3103 949 3160 tecum
970 3106 1004 3159 tc
1026 3095 1181 3178 tribuisti,

116 3193 209 3279 Ave,
233 3196 285 3261 eui
305 3215 441 3260 munera
798 3197 893 3264 dulce
915 3200 1009 3264 uobis
1032 3199 1178 3263 omuibus

161 3306 229 3363 tres
251 3317 349 3380 reges
371 3297 479 3361 ferunt
500 3295 579 3378 tria,
842 3302 906 3368 hoc
928 3304 1048 3388 pignus
1071 3301 1264 3369 commisisti

116 3424 230 3487 regem
253 3422 351 3486 super
374 3402 483 3466 sidera
702 3401 744 3465 15
799 3465 863 3548 [Te
885 3467 931 3530 nfl
954 3466 1137 3549 amabilius,

160 3507 303 3572 fatentur
324 3514 431 3570 mente
453 3506 517 3590 ψ’
839 3571 886 3633 nil
908 3569 1014 3635 carius
1036 3570 1182 3637 habebar

116 3671 208 3756 Ave,
232 3691 326 3754 quem
347 3680 513 3755 puerpera
796 3671 884 3756 quod
905 3671 1051 3736 habebar
1073 3619 1199 3753 melius:

159 3775 194 3839 iu
217 3775 337 3857 templo
360 3771 586 3856 praesentavit,
839 3775 904 3840 hoc
925 3773 1018 3840 nobis
1040 3774 1256 3854 relinquebas.

117 3877 251 3945 Simeon
272 3879 305 3941 in
328 3877 464 3942 dextera

163 3981 366 4065 complexum
389 3980 590 4064 praeffloavp,
700 3981 746 4044 20
794 3937 1016 4010 Absconditus
1039 3941 1081 4004 ab
1104 3935 1206 4003 oeulis

838 4043 957 4108 nostris
983 4042 1038 4108 hio
1060 4060 1095 4106 es
1118 4039 1219 4123 idem,

114 4141 208 4227 Ave,
233 4145 288 4226 qui
310 4147 368 4209 sub
387 4145 533 4210 manibus
796 4149 851 4231 qui
872 4147 935 4211 tuis
958 4153 991 4209 tc
1015 4144 1181 4228 discipulis

160 4251 352 4316 sanctissimi
373 4251 526 4333 baptistae
838 4248 1000 4322 tradidisti
1022 4245 1174 4332 pridem]

9 4345 10 4350 ’
116 4361 150 4419 ct
171 4373 233 4438 pro
255 4355 482 4438 peccatoribus

160 4463 194 4520 ta
217 4456 404 4539 subdidisti,
428 4454 566 4522 Christe.
744 4449 749 4461 '
796 4413 882 4497 AV⁰2
906 4414 960 4497 (issi
983 4414 1195 4534 sassgflilellm

840 4519 992 4585 sudorem
1014 4519 1156 4584 effudrstr

114 4614 207 4702 Ave,
232 4619 286 4702 qui
308 4619 471 4686 diabolum
700 4621 743 4686 25
797 4640 915 4708 corpus
937 4644 999 4709 per
1020 4623 1215 4705 virgineum,

131 4791 135 4798 ,
159 4730 369 4811 temptantem
392 4725 581 4811 consedisti,
840 4726 914 4792 dum
936 4731 1072 4812 mortem
1095 4721 1264 4810 expavisti.
