3282 5370
137 516 264 583 sudore
288 517 466 599 sanguineo
487 517 595 601 rigata
748 521 767 583 5
821 533 883 602 pro
906 525 939 582 14
960 517 1057 602 lesu,
1082 537 1188 602 neque
1211 537 1305 588 cessa

140 639 183 686 ao
205 619 317 683 mortis
339 638 463 704 pavore
485 619 650 706 pallidata.
821 621 886 686 hoo
909 641 1054 685 cremare
1073 621 1237 688 indelessa

139 783 190 849 'l'e
214 783 296 846 texit
316 781 468 866 linteola,
822 725 868 790 ²¹¹⁵
891 727 1010 790 ³m⁰si⁸
1032 725 1148 794 facula·

140 887 176 953 in
199 906 265 970 qua
281 885 398 952 mansit
420 895 475 954 tua
497 887 616 952 forma:

140 989 216 1075 liaeo
238 991 361 1054 cunetis
382 989 561 1073 praelucida

143 1102 196 1160 est
219 1093 450 1178 compassionis
474 1113 596 1160 norma.
728 1095 768 1160 to

822 932 866 1000 Ut
884 943 959 1018 post
973 933 1059 1000 hano
1072 935 1171 998 vitam
1185 953 1258 1000 oum
1271 937 1375 1002 beatis
1409 939 1448 1002 15

823 1038 1037 1122 contemplari
1058 1039 1235 1121 voluptatis

821 1143 944 1208 vultum
967 1147 1033 1204 tuae
1057 1139 1233 1205 divinitatis

144 1244 224 1316 Haeo
246 1243 337 1309 oordi
358 1262 430 1309 meo
453 1246 495 1310 sit
516 1246 675 1332 impressa
821 1245 942 1332 possim
965 1243 997 1307 in
1019 1243 1155 1328 perenni
1177 1244 1291 1326 gloria.

231 1433 278 1486 lls.
297 1431 347 1485 der
365 1429 651 1485 Seminarbibliothelr
669 1448 703 1488 zu
721 1431 816 1500 Trier,
841 1429 873 1500 0,
891 1431 932 1484 58.
976 1431 1035 1486 Ans
1054 1431 1114 1486 dem
1135 1433 1168 1484 14
1185 1429 1281 1488 Jahrb.
1306 1429 1336 1486 ln
1355 1429 1448 1486 dieser

144 1516 291 1578 Abschrift
316 1519 415 1572 wurde
441 1517 485 1571 die
512 1517 690 1588 strophisohe
708 1517 794 1574 Form
818 1518 868 1572 des
885 1517 985 1572 Liedes
1010 1515 1067 1574 fast
1095 1535 1166 1590 ganz
1190 1515 1340 1590 ausgelost
1376 1517 1444 1574 Eine

145 1607 246 1661 zweite
260 1605 303 1660 lls.
323 1606 373 1659 der
388 1603 630 1664 Stadtbibliothelr
644 1622 679 1658 zu
692 1605 790 1674 Maior,
812 1605 909 1660 Kartln
923 1605 974 1658 No.
989 1605 1050 1674 599,
1068 1603 1109 1660 nt
1124 1607 1158 1658 24
1172 1605 1221 1658 des
1237 1603 1374 1660 14114414
1385 1605 1445 1674 (Μ)

143 1695 208 1766 gibt
230 1693 368 1749 ebenfalls
393 1694 474 1748 einen
490 1693 712 1768 ¹verschiadenen
731 1689 808 1747 Text.
853 1691 936 1747 Steht
960 1693 1032 1746 auch
1055 1692 1092 1746 im
1115 1691 1322 1748 Antidotarinm
1345 1692 1445 1748 anima

141 1781 162 1840 f.
180 1784 222 1836 59.
241 1783 304 1852 (Α).
338 1781 386 1838 lls.
404 1797 439 1835 nn
456 1779 641 1848 Liohtenthal,
661 1781 696 1833 14
712 1780 810 1834 ostra.
828 1779 889 1849 (L).

231 1907 246 1958 1
266 1901 370 1960 Christi
387 1903 527 1974 praeclare
544 1901 574 1958 L
608 1905 626 1970 3
645 1899 729 1958 dafiir
748 1919 778 1958 es
797 1901 874 1959 facta
893 1902 933 1956 sie
947 1901 1054 1974 pallida
1072 1901 1132 1970 MA,
1151 1918 1182 1955 es
1197 1897 1274 1958 facta
1288 1901 1325 1956 sit
1343 1899 1377 1970 (l.
1388 1899 1445 1970 sie)

138 1993 249 2066 pallida
266 1993 295 2047 L.
339 1989 447 2050 614411
464 1991 545 2046 [ΜΛ
594 1989 748 2046 1111114414
766 1989 797 2050 Α,
843 1991 933 2060 8114
951 1991 983 2044 Α.
1028 1987 1290 2044 9144114141414
1328 1989 1362 2042 10
1380 2003 1442 2060 qum

139 2096 231 2152 comp.
249 2081 330 2139 Lata
375 2082 407 2132 11
427 2084 471 2134 est
489 2079 596 2134 nunctis
613 2073 769 2148 praelucida
786 2077 875 2146 MAL,
907 2077 979 2132 dann
998 2073 1074 2148 folgt
1097 2078 1137 2129 11,
1181 2077 1214 2128 12
1232 2089 1283 2146 per
1300 2077 1342 2142 Α,
1375 2073 1445 2130 lesu

139 2171 226 2238 atque
253 2172 408 2224 memorata
433 2167 463 2222 L.
512 2169 545 2222 13
573 2163 720 2220 indefensa
747 2164 776 2220 L
827 2167 860 2218 15
880 2170 910 2220 ut
930 2161 1002 2220 fehlt
1019 2167 1052 2220 Α.
1103 2165 1137 2218 tr
1154 2177 1269 2233 possum
1286 2161 1395 2216 vultum
1411 2163 1445 2230 A,

140 2255 247 2329 possim
267 2288 298 2297 -
317 2254 431 2330 pietatis
448 2255 479 2326 L,
497 2267 611 2325 possum
628 2252 735 2311 vultum
754 2251 867 2308 deitatis
885 2251 920 2322 111

519 2583 602 2657 119.
631 2579 692 2656 Ad
719 2571 844 2660 fodiem
871 2579 1065 2652 salvatoris.

138 2769 242 2836 Salve
265 2779 379 2834 saneta
400 2770 502 2835 lanies
818 2759 920 2833 Salve
942 2775 1054 2832 nostra
1076 2763 1184 2848 gloria

182 2875 284 2939 nostri
307 2875 538 2958 redemptoris,
861 2875 894 2938 in
915 2873 978 2937 hae
1000 2873 1068 2935 vita
1091 2869 1186 2952 dura,

137 2977 174 3043 in
197 2997 261 3059 qna
282 2977 363 3040 nitet
385 2977 512 3060 speeies
816 2979 906 3044 labili
929 2985 962 3041 et
984 2975 1107 3057 fragili,

184 3081 284 3144 divini
306 3080 505 3167 splendoris,
862 3082 925 3148 oito
948 3080 1139 3159 transitura3
1398 3073 1442 3136 20

135 3185 288 3268 inpressa
309 3179 481 3268 panniculo
743 3189 762 3250 5
816 3203 877 3249 nos
899 3183 1024 3274 perdno
1046 3183 1089 3246 ad
1111 3181 1267 3266 patriam,

181 3289 268 3352 nivei
292 3289 443 3354 candoris
531 3315 534 3327 ·
860 3307 880 3354 0
903 3289 981 3352 felix
1003 3286 1126 3370 figura,

136 3389 280 3473 dataque
294 3389 467 3456 Veronioae
688 3409 692 3420 ’
816 3393 859 3458 ad
881 3391 1055 3456 videndam
1077 3390 1207 3472 faeiem,

182 3495 308 3577 signnm
331 3497 372 3560 ob
396 3495 523 3560 amoris.
858 3515 932 3578 qnae
956 3503 1006 3560 est
1028 3493 1149 3559 Christi
1170 3513 1261 3577 pura.
1295 3571 1299 3576 .

135 3655 241 3724 Salve
265 3659 363 3726 denus
386 3663 525 3745 saeouli,
814 3659 895 3726 Esto
918 3660 1012 3725 nobis
1036 3675 1218 3741 quaesumus
1398 3655 1442 3718 25

181 3764 347 3846 speonlnm
369 3773 566 3850 motorum,
721 3768 761 3830 10
859 3771 962 3828 tntum
985 3762 1195 3846 adjuvamen,

135 3865 225 3949 quod
246 3865 358 3929 videre
380 3867 512 3950 eupiunt
815 3869 910 3932 dnloe
932 3865 1139 3947 refrigerium
1160 3941 1163 3946 Ι

180 3968 313 4052 spiritus
332 3969 501 4034 eoelorum:
858 3977 955 4051 atque
978 3967 1203 4046 consolamen,

131 4087 196 4135 nos
219 4073 259 4135 ab
284 4073 369 4134 omni
389 4073 517 4138 maonla
813 4073 907 4138 nobis
929 4079 1050 4136 utnon
1072 4078 1190 4135 noceat

178 4193 286 4256 purga
307 4173 456 4238 vitiorum
857 4174 974 4237 hostile
991 4193 1178 4256 gravamen,
1396 4174 1438 4238 30

132 4283 233 4359 atque
256 4295 316 4340 nos
339 4277 523 4342 consortio
720 4280 759 4344 15
813 4276 872 4340 sed
894 4275 1036 4340 fruamur
1054 4278 1175 4358 requie.

175 4378 282 4462 junge
305 4380 483 4446 beatorum.
859 4381 960 4444 omnis
983 4380 1084 4464 dieat,
1107 4401 1209 4446 amen.

202 4561 408 4634 Strassburger
421 4563 468 4618 Hs.
486 4565 516 4621 Ε.
535 4565 595 4618 135.
614 4563 710 4618 11145.
728 4580 779 4619 ans
799 4565 861 4618 dem
880 4566 1024 4621 1414414.
1039 4566 1104 4636 (S),
1122 4565 1221 4621 womit
1239 4561 1289 4616 der
1302 4563 1438 4620 Abdruck

130 4648 180 4706 bei
198 4651 252 4704 den
270 4651 464 4706 Bollandisten
490 4653 562 4706 nach
590 4651 652 4706 dem
669 4652 855 4723 Augsburger
872 4653 1020 4709 Messbnch
1042 4669 1099 4708 von
1119 4656 1187 4709 1555
1206 4651 1437 4723 iibereinstimmt,

131 4737 184 4794 der
201 4738 271 4795 aber
289 4739 364 4796 noch
381 4738 425 4796 dio
443 4739 622 4813 linostropho
639 4736 793 4814 hinzufilgt,
812 4741 857 4796 die
875 4741 934 4802 ins
953 4741 1031 4799 fehlt
1061 4743 1098 4804 Es
1116 4743 1155 4797 ist
1172 4741 1440 4816 bemorlmnswerth,
