3282 5370
1370 273 1436 340 1⁴5

215 451 313 508 Neben
332 449 381 505 der
397 446 571 520 myntinehen
588 446 756 517 Auelegnng
774 447 824 504 der
842 447 1044 521 Kremgestnlt
1070 451 1146 524 (egl.
1162 451 1215 508 No.
1235 454 1296 524 108,
1313 456 1436 526 21-25)

127 545 176 600 hat
192 555 257 596 men
275 538 347 594 ancli
367 533 585 607 gemhiehtliche
607 534 804 607 Beniehungen
830 535 884 592 aul
897 537 942 592 die
960 538 1061 594 beiden
1078 539 1254 598 Testamento
1271 541 1357 599 demit
1373 557 1438 600 ver·

126 629 246 687 handen.
279 625 387 692 Nobis,
405 623 453 694 qni
470 621 506 680 ad
524 625 658 676 eternam
675 623 797 690 patriam
818 623 964 694 tendimus,
983 625 1125 696 seriptum
1143 644 1226 684 mera
1244 645 1295 702 per
1313 635 1435 702 qnetnor

126 734 191 776 onae
209 712 299 770 facien
316 725 394 766 mere
412 712 465 777 eet,
483 722 546 777 qum
564 721 674 762 erucem
692 711 845 780 annuntiat,
864 711 930 782 qnia
947 727 999 766 non
1019 713 1056 770 ad
1070 719 1175 770 terrem
1188 717 1341 774 viventium
1353 717 1434 790 ligno

126 807 230 878 portat
268 799 376 869 mayor.
395 796 430 850 Μ.
447 795 520 850 hom.
538 794 566 848 in
584 793 683 850 Enoch.
702 797 727 866 1,
745 797 770 866 6,
790 799 831 854 13.
855 799 924 854 Men.
943 799 1020 870 sept.
1040 801 1082 856 n.

231 883 321 962 Ἱερῶς
338 880 565 959 προοτοιβάζεται
914 893 1064 962 μυστηρίου
1083 885 1180 960 σκηνῆς

138 1009 141 1016 -
233 970 248 1028 ὅ
266 966 449 1072 memoris!
912 983 1112 1053 σταυροτύποις

235 1060 306 1129 λαός,
324 1075 531 1134 προηγῡϋμθνθθ
912 1065 1006 1136 τάξεσι
1024 1069 1196 1142 κλαζόμενος.

137 1157 142 1166 ’
236 1146 282 1218 τῆς
301 1147 330 1202 ἐν
349 1144 424 1217 τύπῳ

217 1287 249 1342 V.
267 1288 292 1342 5.
311 1287 335 1339 6.
357 1284 401 1338 ,σὲ
420 1281 505 1338 ὅπλον
523 1275 642 1354 dolensis
660 1271 716 1326 κατ’
735 1263 850 1342 ἐχθρῶν
867 1262 1093 1338 προβαλλόμεθα.
1121 1263 1197 1336 Sept.
1217 1267 1258 1320 11.

214 1374 247 1428 V,
265 1375 289 1428 9.
317 1367 533 1436 circumstantia,
553 1364 597 1418 die
616 1357 733 1425 Gestalt,
752 1355 802 1409 der
820 1349 948 1422 Umfang.

215 1463 249 1516 V.
264 1462 305 1516 28.
330 1457 401 1532 ligni
415 1471 467 1528 per
478 1454 620 1518 virtutem,
633 1445 760 1502 weildae
775 1443 867 1498 Krene
882 1439 926 1494 die
941 1441 1016 1509 vireo
1028 1443 1148 1512 potente
1161 1438 1206 1494 iet
1223 1439 1276 1496 No.
1286 1438 1346 1507 108,
1356 1439 1398 1493 31.
1407 1439 1432 1494 8.

216 1550 247 1604 V.
264 1549 377 1604 31-34.
395 1545 442 1599 eta
461 1537 584 1616 σταυροῦ
601 1533 758 1610 ὖψώθημον
773 1527 829 1585 ἀπὸ
843 1526 893 1604 γῆς
911 1524 983 1600 πρὸς
997 1526 1122 1604 οὐράνια.
1141 1527 1248 1584 Greaer
1261 1541 1325 1598 opp.
1338 1527 1365 1594 3,
1373 1526 1435 1582 285.

130 1639 213 1696 Dione
232 1635 340 1693 Stellen
357 1631 519 1688 verweisen
536 1625 589 1684 auf
602 1626 666 1682 lon
685 1625 728 1690 12,
746 1623 781 1676 32
800 1617 843 1672 als
861 1617 922 1670 ihre
940 1615 1047 1682 Quelle.
1073 1615 1102 1672 S.
1120 1617 1173 1672 No.
1193 1616 1254 1684 107,
1273 1615 1315 1670 12.
1350 1613 1434 1668 Dione

129 1725 290 1796 Beniehnng
322 1721 421 1776 werde
447 1717 605 1774 besondere
631 1715 661 1768 in
689 1711 741 1766 den
768 1707 886 1765 Liedern
913 1702 966 1760 auf
989 1703 1230 1774 Kremerhtihnng
1256 1699 1438 1773 engewendt.

130 1817 208 1886 Sept
227 1815 270 1867 11,
305 1810 406 1886 oenone
424 1802 620 1878 πανσεβάσμιε,
640 1798 761 1874 σήμερον
778 1791 937 1867 ὖψούμονος
954 1793 1026 1862 θείῳ
1040 1789 1158 1864 νεύματι,
1177 1785 1437 1862 ammonianum.

128 1903 196 1962 lbid.
216 1901 252 1956 δι’
271 1891 304 1955 οὗ
322 1896 377 1953 ἀπὸ
391 1893 444 1972 γῆς
462 1887 595 1970 ἦρ’θημεν.

238 2251 323 2326 111.
351 2249 515 2348 Hymnus
542 2245 579 2316 in
606 2239 815 2314 exaltatione
846 2234 903 2306 vel
923 2233 1124 2316 inventione
1151 2253 1178 2302 s.
1205 2228 1329 2300 erneis.

346 2460 448 2528 Salve
470 2478 551 2524 crux
574 2462 701 2538 saneta,
724 2451 815 2518 salve
839 2448 946 2514 mundi
966 2447 1091 2530 gloria,

342 2587 424 2631 vere
447 2582 522 2647 spes
545 2559 667 2644 nostre,
689 2579 771 2624 vere
794 2557 903 2620 ferens
926 2551 1065 2636 gaudia,

308 2687 311 2696 ’
340 2673 467 2754 signnm
489 2667 616 2749 salutis,
639 2665 727 2730 aelus
749 2663 783 2726 in
803 2659 973 2745 perieulis,

344 2775 444 2840 vitale
466 2773 588 2854 lignum
611 2769 711 2833 vitam
733 2771 872 2850 portans
893 2763 1041 2827 omnium.

342 2931 388 2996 'le
411 2927 625 3008 adorandam,
648 2933 682 2992 1ο
705 2929 835 2988 ornnem
857 2918 1036 3002 vivifioem,

345 3038 378 3100 in
399 3043 432 3099 te
455 3030 624 3115 redempti,
648 3028 743 3092 duloe
766 3026 867 3091 deone
889 3024 1011 3106 saeonli,

343 3122 472 3223 semper
494 3134 672 3214 laudamus,
695 3131 754 3196 tibi
775 3147 904 3213 semper
927 3127 1080 3209 oanimne,

341 3263 402 3328 per
424 3244 546 3325 lignum
570 3237 665 3316 servi,
686 3255 750 3320 per
772 3241 805 3298 te
827 3234 950 3316 lignum
973 3231 1077 3297 liberi.

341 3405 507 3489 Originale
530 3401 651 3467 orimen
672 3378 801 3462 nenena¹
816 3397 850 3459 in
873 3413 971 3460 ornee

341 3530 446 3576 nese
467 3507 612 3593 privatin
636 3501 774 3592 Cliniam,
797 3500 916 3565 munda
937 3498 1088 3582 macelin,

342 3615 551 3680 humilitatem
573 3603 743 3696 miseratus
765 3609 915 3691 fragilem
970 3627 972 3634 ’

342 3741 404 3805 per
427 3737 556 3785 ornnem
579 3723 724 3780 senotnm
745 3713 846 3798 lapsis
871 3712 965 3788 dona.

344 3885 501 3966 Protege,
525 3882 632 3964 salva,
654 3879 806 3960 benedic,
829 3873 977 3940 salvifioa

341 3989 496 4074 populum
518 3993 667 4052 eunotnm
690 3983 795 4048 erneis
818 4000 878 4064 per
902 3975 1122 4060 signnoulum,

342 4095 473 4158 morbos
496 4097 610 4154 averte
633 4087 780 4171 eorporis
803 4092 837 4148 et
854 4084 986 4164 animae,

343 4197 408 4261 hoo
430 4193 544 4260 eontra
566 4189 835 4274 signumnnllum
858 4193 923 4252 stet
944 4183 1131 4270 perieulum.

343 4354 393 4422 Sit
418 4355 480 4419 deo
501 4353 589 4438 patri
609 4353 682 4416 laus
704 4352 737 4414 in
759 4368 858 4416 eruce
881 4347 954 4430 filii,

344 4461 386 4524 sit
409 4459 584 4542 eoaequalis
606 4457 678 4521 laus
700 4463 813 4520 saneto
836 4451 980 4538 spiritui,

343 4565 467 4631 nivibus
490 4563 619 4628 summis
638 4559 789 4644 gandium
813 4559 854 4622 sit
876 4557 1017 4640 angelis,

343 4671 448 4737 honor
470 4670 503 4734 in
525 4669 644 4734 mundo
667 4667 709 4734 sit
731 4665 835 4733 erneis
857 4661 1009 4731 inventio.

138 4804 143 4820 '·
211 4809 300 4860 Mene,
315 4803 399 4855 lenem.
416 4803 540 4859 Hymnen.
566 4801 586 4848 1.
1173 4759 1216 4822 10
