3280 5358
199 515 301 584 etiam
317 514 435 580 multos
456 511 551 578 looos
580 529 600 575 e
621 508 712 576 libris
734 505 893 589 liturgicis
916 500 1113 584 Gredonum,
1137 495 1399 583 quandoquidem
1417 496 1507 582 ejus·

201 653 293 724 modi
312 650 388 719 libri
410 648 498 736 apud
518 665 579 714 noe
600 647 765 712 rarissim0
785 643 991 709 inveniantur
1007 647 1041 706 et
1054 641 1127 706 luoe
1141 637 1262 706 elarius
1279 635 1510 717 demonstrent,

203 789 414 878 hymnodiam
443 803 587 872 maenam
616 803 719 868 usqne
755 782 799 849 ad
829 783 968 848 sehisma
999 779 1157 846 orientale
1193 775 1331 843 eandam
1367 773 1509 839 indolem

61 917 70 932 ”
205 929 360 996 habuisse
382 945 478 1012 quem
499 926 640 992 latinam.
677 922 820 989 Plurima
831 939 970 1003 nemque
984 919 1175 1002 testimonia,
1194 935 1267 1002 qum
1280 916 1417 1001 protuli,
1435 921 1514 980 ante

204 1067 360 1135 saeeulum
382 1083 501 1130 nonum
519 1062 704 1145 oonseripta
725 1067 808 1144 sunt,
831 1080 850 1124 e
872 1061 988 1143 quibus
1009 1057 1125 1123 videre
1140 1059 1227 1141 lieet,
1250 1063 1370 1140 quanta
1387 1051 1511 1138 ingenii

161 1205 376 1274 *alaomtate
398 1203 506 1269 adhue
526 1201 591 1266 illis
613 1200 814 1284 temporibus
831 1197 939 1262 Graeoi
961 1197 1190 1278 exoellueriut3
1209 1213 1283 1278 quse
1306 1191 1399 1258 dotes
1421 1207 1513 1276 pree·

205 1345 317 1411 olarae
345 1343 454 1408 medio
486 1358 559 1405 aevo
589 1340 707 1404 sensim
739 1336 900 1420 deiecere,
927 1343 963 1402 ut
987 1343 1100 1401 nostra
1121 1341 1229 1401 aetate
1251 1351 1354 1416 usque
1377 1329 1420 1395 ad
1442 1337 1514 1396 tor·

203 1501 320 1569 porem
342 1480 487 1564 delapsee
509 1477 689 1560 videantur,
717 1492 780 1559 quo
802 1473 923 1540 laetum
946 1481 1005 1557 est,
1026 1480 1064 1538 ut
1086 1471 1194 1539 Graeoi
1215 1479 1347 1536 veteres
1369 1469 1512 1553 hymnos

206 1617 451 1698 eonsuetudine,
480 1615 576 1679 immo
598 1614 802 1696 necessitate,
832 1611 1023 1676 retinuerint
1049 1627 1244 1694 erroresque
1276 1609 1453 1692 dogmatici
1480 1607 1515 1671 in

206 1758 256 1824 eis
278 1774 358 1824 raro
379 1753 673 1839 deprehendantur.

154 2112 157 2120 .
293 2047 446 2116 Formam
472 2047 639 2112 metricam
669 2044 861 2129 hymnorum
888 2044 1049 2129 duplioem
1081 2041 1336 2124 animadvertam
1372 2061 1517 2126 namque

205 2193 317 2274 podtre
340 2185 506 2254 ohristiani
533 2185 604 2248 sive
627 2184 839 2266 quantitatem
867 2183 1076 2266 syllabarum,
1104 2188 1140 2246 ut
1167 2181 1344 2264 scriptores
1375 2179 1516 2262 classici,

206 2329 435 2406 observarunt,
466 2324 538 2388 sive
565 2328 736 2388 noeentum
764 2321 819 2384 vel
849 2328 960 2386 tonum
986 2321 1162 2385 verborum
1189 2318 1292 2383 seouti
1314 2323 1398 2401 aunt,
1426 2318 1518 2401 quod

205 2465 324 2540 seriori
351 2481 425 2530 sevo
454 2461 599 2528 invaluit
656 2459 832 2544 Utriusque
866 2459 998 2543 generis
1029 2457 1156 2523 metriei
1185 2456 1311 2540 regulae
1337 2460 1520 2524 notissimae

204 2609 283 2669 suut
310 2608 407 2686 atque
434 2619 673 2684 nonnumquam
696 2600 731 2664 in
762 2599 890 2684 hymnis
920 2598 1173 2681 confunduntur,
1205 2598 1355 2681 quoniam
1377 2599 1521 2664 metrioa

207 2739 396 2825 quantitatis
425 2742 582 2824 paulatim
613 2740 762 2806 obsoleta
792 2739 870 2804 hino
898 2737 974 2802 inde
997 2739 1137 2820 vestigia
1159 2738 1296 2819 reliquit
1341 2737 1519 2806 Metrieam

205 2878 362 2946 aooentds
384 2877 527 2943 editores
545 2877 738 2962 hymnorum
755 2877 903 2961 plerique
916 2883 1069 2958 tanquam
1083 2878 1257 2942 barbaram
1272 2879 1522 2958 eorruptionem

204 3018 432 3102 neglexerunt,
453 3015 572 3098 insigni
594 3032 716 3098 errore,
739 3031 811 3080 eum
829 3013 968 3080 Romani
988 3023 1121 3080 vetares
1143 3015 1209 3080 hoo
1230 3035 1334 3099 genus
1357 3037 1521 3084 versuum

199 3153 275 3240 jam
297 3154 480 3237 habuerint,
511 3161 684 3238 antequam
715 3173 735 3219 a
764 3153 889 3220 Graeeis
912 3155 1048 3219 alterum
1071 3155 1258 3238 quantitatis
1280 3162 1522 3224 mutuarentur.

206 3289 403 3377 sequentiis,
427 3311 508 3376 quas
530 3291 750 3360 Notkerianas
773 3291 917 3376 dieimus,
947 3300 1060 3358 notam
1084 3294 1223 3378 apposui
1244 3299 1423 3377 troparium
1445 3298 1466 3362 'a
1491 3317 1523 3362 e.

205 3450 312 3500 osseo
340 3434 567 3515 omanorum,
595 3450 692 3515 quum
723 3429 769 3496 ad
797 3433 930 3514 regulas
962 3433 1194 3517 exemplarium
1229 3450 1415 3516 graeeorum
1453 3437 1526 3502 sint.

205 3569 407 3656 oempoaitm

292 3841 411 3926 Neque
428 3843 691 3928 pretereundum
712 3845 833 3928 teneri,
856 3845 983 3928 siquas
1005 3843 1162 3908 melodias
1185 3842 1313 3928 hymnis
1329 3845 1527 3938 adscriptas

141 3993 145 4002 ·
203 3979 241 4046 in
262 3979 428 4048 oodioihus
454 3983 643 4069 invenerim,
670 4004 768 4069 quum
797 3985 862 4052 hae
890 4005 928 4050 re
954 3986 1121 4070 probetur,
1147 3988 1290 4050 earmina
1318 3985 1376 4051 illa
1409 3995 1529 4060 eantoi.

205 4119 433 4187 eoelesiastioo
457 4122 619 4190 desdnsta
648 4125 759 4208 fuisse,
782 4131 817 4191 et
844 4125 1004 4210 ejusmodi
1033 4125 1194 4211 exemplis
1215 4122 1351 4190 historia
1381 4128 1528 4194 musieae

203 4277 313 4326 saonae
339 4259 491 4346 adjuvari
515 4263 629 4346 possit
678 4261 717 4328 Si
746 4281 828 4330 vero
855 4262 997 4329 melodia
1029 4263 1136 4348 deest,
1163 4263 1325 4330 interdum
1359 4279 1382 4328 e
1415 4265 1529 4334 deno-1

202 4399 381 4466 minatione
421 4399 587 4484 oarminis,
628 4419 656 4465 e.
693 4420 726 4484 g.
762 4400 890 4485 hymni,
933 4402 1128 4486 sequentiae,
1171 4419 1282 4486 prosae
1326 4408 1389 4467 eto
1442 4425 1530 4472 usus

204 4537 448 4605 ecelesiastieus
474 4538 662 4622 innotesoit,
693 4557 794 4624 quare
824 4539 882 4606 illa
908 4543 1040 4608 nomina
1065 4541 1104 4608 in.
1121 4543 1221 4608 titulis
1245 4542 1425 4609 carminum
1448 4563 1530 4612 ser·

204 4685 288 4745 vata
307 4684 392 4744 suut.
