<?xml version="1.0" encoding="UTF-8"?>
<!DOCTYPE html PUBLIC "-//W3C//DTD XHTML 1.0 Transitional//EN"
    "http://www.w3.org/TR/xhtml1/DTD/xhtml1-transitional.dtd">
<html xmlns="http://www.w3.org/1999/xhtml" xml:lang="en" lang="en">
 <head>
  <title>
</title>
<meta http-equiv="Content-Type" content="text/html;charset=utf-8" />
  <meta name='ocr-system' content='tesseract 3.04.00' />
  <meta name='ocr-capabilities' content='ocr_page ocr_carea ocr_par ocr_line ocrx_word'/>
</head>
<body>
  <div class='ocr_page' id='page_1' title='image "./hymnilatinimedi01monegoog_0456.png"; bbox 0 0 3316 5358; ppageno 0'>
   <div class='ocr_carea' id='block_1_1' title="bbox 1371 326 1440 397">
    <p class='ocr_par' dir='ltr' id='par_1_1' title="bbox 1371 326 1440 397">
     <span class='ocr_line' id='line_1_1' title="bbox 1371 326 1440 397; baseline 0 0"><span class='ocrx_word' id='word_1_1' title='bbox 1371 326 1440 397; x_wconf 71' lang='lat' dir='ltr'>lli</span> 
     </span>
    </p>
   </div>
   <div class='ocr_carea' id='block_1_2' title="bbox 129 505 1506 2072">
    <p class='ocr_par' dir='ltr' id='par_1_2' title="bbox 129 505 1506 2072">
     <span class='ocr_line' id='line_1_2' title="bbox 132 505 1440 588; baseline -0.002 -17"><span class='ocrx_word' id='word_1_2' title='bbox 132 515 300 588; x_wconf 86' lang='lat' dir='ltr'>angelorum</span> <span class='ocrx_word' id='word_1_3' title='bbox 317 511 462 585; x_wconf 82' lang='lat' dir='ltr'>spiritibus</span> <span class='ocrx_word' id='word_1_4' title='bbox 475 511 616 582; x_wconf 62' lang='lat' dir='ltr'>proluunt,</span> <span class='ocrx_word' id='word_1_5' title='bbox 629 508 677 581; x_wconf 81' lang='lat' dir='ltr'>qui</span> <span class='ocrx_word' id='word_1_6' title='bbox 694 507 831 585; x_wconf 64' lang='lat' dir='ltr'>subjectis</span> <span class='ocrx_word' id='word_1_7' title='bbox 850 507 914 562; x_wconf 89' lang='lat' dir='ltr'>aliis</span> <span class='ocrx_word' id='word_1_8' title='bbox 932 505 1005 578; x_wconf 91' lang='lat' dir='ltr'>dum,</span> <span class='ocrx_word' id='word_1_9' title='bbox 1025 524 1143 580; x_wconf 81' lang='lat' dir='ltr'>quaeque</span> <span class='ocrx_word' id='word_1_10' title='bbox 1160 513 1226 574; x_wconf 84' lang='lat' dir='ltr'>sunt</span> <span class='ocrx_word' id='word_1_11' title='bbox 1243 508 1363 582; x_wconf 85' lang='lat' dir='ltr'>agenda,</span> <span class='ocrx_word' id='word_1_12' title='bbox 1381 510 1440 569; x_wconf 79' lang='lat' dir='ltr'>niu-</span> 
     </span>
     <span class='ocr_line' id='line_1_3' title="bbox 129 595 1437 674; baseline -0.005 -15"><span class='ocrx_word' id='word_1_13' title='bbox 129 607 255 674; x_wconf 89' lang='lat' dir='ltr'>ponuut,</span> <span class='ocrx_word' id='word_1_14' title='bbox 282 601 323 656; x_wconf 83' lang='lat' dir='ltr'>eis</span> <span class='ocrx_word' id='word_1_15' title='bbox 341 601 378 656; x_wconf 91' lang='lat' dir='ltr'>ad</span> <span class='ocrx_word' id='word_1_16' title='bbox 396 598 533 674; x_wconf 84' lang='lat' dir='ltr'>explenda</span> <span class='ocrx_word' id='word_1_17' title='bbox 550 596 646 656; x_wconf 86' lang='lat' dir='ltr'>diviua</span> <span class='ocrx_word' id='word_1_18' title='bbox 662 595 818 652; x_wconf 87' lang='lat' dir='ltr'>ministeria</span> <span class='ocrx_word' id='word_1_19' title='bbox 834 595 1039 668; x_wconf 78' lang='lat' dir='ltr'><strong>principantur.</strong></span> <span class='ocrx_word' id='word_1_20' title='bbox 1071 598 1258 652; x_wconf 72' lang='lat' dir='ltr'>dominationem</span> <span class='ocrx_word' id='word_1_21' title='bbox 1275 601 1368 652; x_wconf 85' lang='lat' dir='ltr'>autem</span> <span class='ocrx_word' id='word_1_22' title='bbox 1385 612 1437 652; x_wconf 81' lang='lat' dir='ltr'>ro·</span> 
     </span>
     <span class='ocr_line' id='line_1_4' title="bbox 131 684 1437 760; baseline -0.003 -16"><span class='ocrx_word' id='word_1_23' title='bbox 131 695 240 757; x_wconf 85' lang='lat' dir='ltr'>uantur,</span> <span class='ocrx_word' id='word_1_24' title='bbox 258 689 306 760; x_wconf 87' lang='lat' dir='ltr'>qui</span> <span class='ocrx_word' id='word_1_25' title='bbox 323 688 408 744; x_wconf 90' lang='lat' dir='ltr'>etiam</span> <span class='ocrx_word' id='word_1_26' title='bbox 425 689 583 758; x_wconf 81' lang='lat' dir='ltr'>potestates</span> <span class='ocrx_word' id='word_1_27' title='bbox 601 685 807 758; x_wconf 75' lang='lat' dir='ltr'><strong>principatuum</strong></span> <span class='ocrx_word' id='word_1_28' title='bbox 825 685 1048 742; x_wconf 74' lang='lat' dir='ltr'>dissimilitudine</span> <span class='ocrx_word' id='word_1_29' title='bbox 1068 685 1128 742; x_wconf 86' lang='lat' dir='ltr'>alta</span> <span class='ocrx_word' id='word_1_30' title='bbox 1145 684 1352 742; x_wconf 70' lang='lat' dir='ltr'>basatendunt.</span> <span class='ocrx_word' id='word_1_31' title='bbox 1373 701 1437 740; x_wconf 87' lang='lat' dir='ltr'>nam</span> 
     </span>
     <span class='ocr_line' id='line_1_5' title="bbox 129 772 1438 854; baseline -0.005 -21"><span class='ocrx_word' id='word_1_32' title='bbox 129 775 287 854; x_wconf 80' lang='lat' dir='ltr'>principari</span> <span class='ocrx_word' id='word_1_33' title='bbox 304 781 349 832; x_wconf 85' lang='lat' dir='ltr'>eat</span> <span class='ocrx_word' id='word_1_34' title='bbox 366 775 439 832; x_wconf 87' lang='lat' dir='ltr'>inter</span> <span class='ocrx_word' id='word_1_35' title='bbox 457 773 585 847; x_wconf 72' lang='lat' dir='ltr'>reliquos</span> <span class='ocrx_word' id='word_1_36' title='bbox 601 773 725 846; x_wconf 79' lang='lat' dir='ltr'>priorem</span> <span class='ocrx_word' id='word_1_37' title='bbox 742 773 875 843; x_wconf 81' lang='lat' dir='ltr'>existere,</span> <span class='ocrx_word' id='word_1_38' title='bbox 894 773 1035 832; x_wconf 84' lang='lat' dir='ltr'>dominari</span> <span class='ocrx_word' id='word_1_39' title='bbox 1048 789 1121 830; x_wconf 83' lang='lat' dir='ltr'>voro</span> <span class='ocrx_word' id='word_1_40' title='bbox 1133 778 1178 828; x_wconf 84' lang='lat' dir='ltr'>eat</span> <span class='ocrx_word' id='word_1_41' title='bbox 1191 773 1276 831; x_wconf 83' lang='lat' dir='ltr'>etiam</span> <span class='ocrx_word' id='word_1_42' title='bbox 1290 772 1438 848; x_wconf 82' lang='lat' dir='ltr'>subjectos</span> 
     </span>
     <span class='ocr_line' id='line_1_6' title="bbox 130 859 1438 936; baseline -0.003 -18"><span class='ocrx_word' id='word_1_43' title='bbox 130 879 258 935; x_wconf 88' lang='lat' dir='ltr'>quosque</span> <span class='ocrx_word' id='word_1_44' title='bbox 276 862 437 933; x_wconf 78' lang='lat' dir='ltr'>possidere3</span> <span class='ocrx_word' id='word_1_45' title='bbox 468 876 503 917; x_wconf 86' lang='lat' dir='ltr'>ea</span> <span class='ocrx_word' id='word_1_46' title='bbox 521 876 595 933; x_wconf 87' lang='lat' dir='ltr'>ergo</span> <span class='ocrx_word' id='word_1_47' title='bbox 614 861 780 932; x_wconf 86' lang='lat' dir='ltr'>augelorum</span> <span class='ocrx_word' id='word_1_48' title='bbox 799 862 927 936; x_wconf 78' lang='lat' dir='ltr'>agmina,</span> <span class='ocrx_word' id='word_1_49' title='bbox 951 861 999 933; x_wconf 87' lang='lat' dir='ltr'>qui</span> <span class='ocrx_word' id='word_1_50' title='bbox 1016 861 1088 916; x_wconf 89' lang='lat' dir='ltr'>mira</span> <span class='ocrx_word' id='word_1_51' title='bbox 1101 859 1229 930; x_wconf 87' lang='lat' dir='ltr'>potentia</span> <span class='ocrx_word' id='word_1_52' title='bbox 1246 859 1438 930; x_wconf 81' lang='lat' dir='ltr'>praeeminent,</span> 
     </span>
     <span class='ocr_line' id='line_1_7' title="bbox 129 948 1437 1024; baseline -0.004 -19"><span class='ocrx_word' id='word_1_53' title='bbox 129 966 186 1021; x_wconf 92' lang='lat' dir='ltr'>pro</span> <span class='ocrx_word' id='word_1_54' title='bbox 205 967 254 1018; x_wconf 90' lang='lat' dir='ltr'>eo,</span> <span class='ocrx_word' id='word_1_55' title='bbox 282 951 357 1020; x_wconf 88' lang='lat' dir='ltr'>quod</span> <span class='ocrx_word' id='word_1_56' title='bbox 380 948 421 1004; x_wconf 82' lang='lat' dir='ltr'>eis</span> <span class='ocrx_word' id='word_1_57' title='bbox 446 954 542 1004; x_wconf 84' lang='lat' dir='ltr'>eatena</span> <span class='ocrx_word' id='word_1_58' title='bbox 565 949 602 1006; x_wconf 88' lang='lat' dir='ltr'>ad</span> <span class='ocrx_word' id='word_1_59' title='bbox 624 948 809 1008; x_wconf 88' lang='lat' dir='ltr'>obediendum</span> <span class='ocrx_word' id='word_1_60' title='bbox 826 951 957 1024; x_wconf 80' lang='lat' dir='ltr'>subjecta</span> <span class='ocrx_word' id='word_1_61' title='bbox 974 955 1052 1020; x_wconf 82' lang='lat' dir='ltr'>sunt,</span> <span class='ocrx_word' id='word_1_62' title='bbox 1087 951 1275 1006; x_wconf 70' lang='lat' dir='ltr'>montanee</span> <span class='ocrx_word' id='word_1_63' title='bbox 1290 951 1437 1004; x_wconf 78' lang='lat' dir='ltr'>vocantur.</span> 
     </span>
     <span class='ocr_line' id='line_1_8' title="bbox 132 1035 1439 1110; baseline 0 -19"><span class='ocrx_word' id='word_1_64' title='bbox 132 1037 230 1093; x_wconf 78' lang='lat' dir='ltr'>Tironi</span> <span class='ocrx_word' id='word_1_65' title='bbox 247 1053 357 1109; x_wconf 88' lang='lat' dir='ltr'>quoquo</span> <span class='ocrx_word' id='word_1_66' title='bbox 375 1036 427 1092; x_wconf 92' lang='lat' dir='ltr'>illa</span> <span class='ocrx_word' id='word_1_67' title='bbox 444 1038 558 1108; x_wconf 81' lang='lat' dir='ltr'>agmina</span> <span class='ocrx_word' id='word_1_68' title='bbox 575 1041 641 1094; x_wconf 90' lang='lat' dir='ltr'>sunt</span> <span class='ocrx_word' id='word_1_69' title='bbox 658 1043 775 1108; x_wconf 80' lang='lat' dir='ltr'>venata,</span> <span class='ocrx_word' id='word_1_70' title='bbox 800 1038 899 1110; x_wconf 77' lang='lat' dir='ltr'>quibu·</span> <span class='ocrx_word' id='word_1_71' title='bbox 918 1039 955 1094; x_wconf 90' lang='lat' dir='ltr'>ad</span> <span class='ocrx_word' id='word_1_72' title='bbox 972 1038 1157 1094; x_wconf 84' lang='lat' dir='ltr'>exercendum</span> <span class='ocrx_word' id='word_1_73' title='bbox 1170 1035 1309 1109; x_wconf 79' lang='lat' dir='ltr'>judicium</span> <span class='ocrx_word' id='word_1_74' title='bbox 1327 1051 1439 1106; x_wconf 85' lang='lat' dir='ltr'>semper</span> 
     </span>
     <span class='ocr_line' id='line_1_9' title="bbox 132 1123 1437 1198; baseline 0.001 -19"><span class='ocrx_word' id='word_1_75' title='bbox 132 1123 203 1179; x_wconf 87' lang='lat' dir='ltr'>deus</span> <span class='ocrx_word' id='word_1_76' title='bbox 227 1124 404 1195; x_wconf 87' lang='lat' dir='ltr'>omnipotens</span> <span class='ocrx_word' id='word_1_77' title='bbox 430 1123 573 1194; x_wconf 71' lang='lat' dir='ltr'>praesidet.</span> <span class='ocrx_word' id='word_1_78' title='bbox 605 1124 671 1196; x_wconf 91' lang='lat' dir='ltr'>quia</span> <span class='ocrx_word' id='word_1_79' title='bbox 695 1125 767 1180; x_wconf 91' lang='lat' dir='ltr'>enim</span> <span class='ocrx_word' id='word_1_80' title='bbox 791 1127 911 1184; x_wconf 90' lang='lat' dir='ltr'>thronos</span> <span class='ocrx_word' id='word_1_81' title='bbox 938 1127 1038 1184; x_wconf 88' lang='lat' dir='ltr'>Latino</span> <span class='ocrx_word' id='word_1_82' title='bbox 1066 1127 1180 1198; x_wconf 86' lang='lat' dir='ltr'>eloquio</span> <span class='ocrx_word' id='word_1_83' title='bbox 1210 1127 1284 1181; x_wconf 72' lang='lat' dir='ltr'>aedae</span> <span class='ocrx_word' id='word_1_84' title='bbox 1312 1125 1437 1194; x_wconf 89' lang='lat' dir='ltr'>dioimus,</span> 
     </span>
     <span class='ocr_line' id='line_1_10' title="bbox 130 1212 1437 1288; baseline 0 -19"><span class='ocrx_word' id='word_1_85' title='bbox 130 1213 230 1269; x_wconf 89' lang='lat' dir='ltr'>throni</span> <span class='ocrx_word' id='word_1_86' title='bbox 247 1213 293 1268; x_wconf 93' lang='lat' dir='ltr'>dei</span> <span class='ocrx_word' id='word_1_87' title='bbox 311 1213 379 1268; x_wconf 91' lang='lat' dir='ltr'>dieti</span> <span class='ocrx_word' id='word_1_88' title='bbox 397 1218 462 1268; x_wconf 85' lang='lat' dir='ltr'>suut</span> <span class='ocrx_word' id='word_1_89' title='bbox 478 1213 516 1282; x_wconf 90' lang='lat' dir='ltr'>hi,</span> <span class='ocrx_word' id='word_1_90' title='bbox 535 1214 583 1286; x_wconf 90' lang='lat' dir='ltr'>qui</span> <span class='ocrx_word' id='word_1_91' title='bbox 600 1218 681 1270; x_wconf 90' lang='lat' dir='ltr'>tanta</span> <span class='ocrx_word' id='word_1_92' title='bbox 699 1213 854 1270; x_wconf 83' lang='lat' dir='ltr'>divinitatis</span> <span class='ocrx_word' id='word_1_93' title='bbox 872 1215 968 1287; x_wconf 90' lang='lat' dir='ltr'>gratia</span> <span class='ocrx_word' id='word_1_94' title='bbox 980 1215 1134 1288; x_wconf 85' lang='lat' dir='ltr'>replentur,</span> <span class='ocrx_word' id='word_1_95' title='bbox 1152 1218 1184 1280; x_wconf 85' lang='lat' dir='ltr'>ut</span> <span class='ocrx_word' id='word_1_96' title='bbox 1201 1213 1229 1267; x_wconf 92' lang='lat' dir='ltr'>iu</span> <span class='ocrx_word' id='word_1_97' title='bbox 1248 1212 1290 1268; x_wconf 90' lang='lat' dir='ltr'>eis</span> <span class='ocrx_word' id='word_1_98' title='bbox 1308 1213 1437 1280; x_wconf 88' lang='lat' dir='ltr'>dominns</span> 
     </span>
     <span class='ocr_line' id='line_1_11' title="bbox 132 1287 1438 1374; baseline 0.001 -19"><span class='ocrx_word' id='word_1_99' title='bbox 132 1300 232 1356; x_wconf 87' lang='lat' dir='ltr'>sedeat</span> <span class='ocrx_word' id='word_1_100' title='bbox 249 1304 278 1356; x_wconf 89' lang='lat' dir='ltr'>et</span> <span class='ocrx_word' id='word_1_101' title='bbox 295 1315 347 1371; x_wconf 87' lang='lat' dir='ltr'>per</span> <span class='ocrx_word' id='word_1_102' title='bbox 365 1316 416 1356; x_wconf 86' lang='lat' dir='ltr'>eos</span> <span class='ocrx_word' id='word_1_103' title='bbox 442 1318 494 1356; x_wconf 82' lang='lat' dir='ltr'>sua</span> <span class='ocrx_word' id='word_1_104' title='bbox 514 1301 624 1374; x_wconf 85' lang='lat' dir='ltr'>judicia</span> <span class='ocrx_word' id='word_1_105' title='bbox 642 1287 775 1358; x_wconf 79' lang='lat' dir='ltr'>decernat</span> <span class='ocrx_word' id='word_1_106' title='bbox 798 1308 854 1374; x_wconf 90' lang='lat' dir='ltr'>(ps.</span> <span class='ocrx_word' id='word_1_107' title='bbox 873 1307 899 1373; x_wconf 84' lang='lat'>9,</span> <span class='ocrx_word' id='word_1_108' title='bbox 917 1304 958 1374; x_wconf 85' lang='lat'>5).</span> <span class='ocrx_word' id='word_1_109' title='bbox 994 1304 1131 1358; x_wconf 77' lang='lat' dir='ltr'>Cherubim</span> <span class='ocrx_word' id='word_1_110' title='bbox 1147 1301 1292 1373; x_wconf 90' lang='lat' dir='ltr'>plenitudo</span> <span class='ocrx_word' id='word_1_111' title='bbox 1311 1301 1438 1356; x_wconf 83' lang='lat' dir='ltr'>scientiae</span> 
     </span>
     <span class='ocr_line' id='line_1_12' title="bbox 131 1386 1436 1460; baseline 0.002 -18"><span class='ocrx_word' id='word_1_112' title='bbox 131 1386 249 1457; x_wconf 87' lang='lat' dir='ltr'>dieitur,</span> <span class='ocrx_word' id='word_1_113' title='bbox 281 1393 311 1444; x_wconf 84' lang='lat' dir='ltr'>et</span> <span class='ocrx_word' id='word_1_114' title='bbox 334 1387 501 1442; x_wconf 88' lang='lat' dir='ltr'>sublimiora</span> <span class='ocrx_word' id='word_1_115' title='bbox 522 1387 585 1443; x_wconf 89' lang='lat' dir='ltr'>illa·</span> <span class='ocrx_word' id='word_1_116' title='bbox 599 1389 713 1460; x_wconf 84' lang='lat' dir='ltr'>agmina</span> <span class='ocrx_word' id='word_1_117' title='bbox 735 1389 842 1446; x_wconf 85' lang='lat' dir='ltr'>ideirco</span> <span class='ocrx_word' id='word_1_118' title='bbox 868 1391 1011 1446; x_wconf 80' lang='lat' dir='ltr'>cherubim</span> <span class='ocrx_word' id='word_1_119' title='bbox 1034 1395 1138 1448; x_wconf 86' lang='lat' dir='ltr'>voeata</span> <span class='ocrx_word' id='word_1_120' title='bbox 1162 1395 1241 1458; x_wconf 89' lang='lat' dir='ltr'>snut,</span> <span class='ocrx_word' id='word_1_121' title='bbox 1273 1390 1338 1460; x_wconf 88' lang='lat' dir='ltr'>quia</span> <span class='ocrx_word' id='word_1_122' title='bbox 1355 1393 1436 1445; x_wconf 90' lang='lat' dir='ltr'>tanto</span> 
     </span>
     <span class='ocr_line' id='line_1_13' title="bbox 131 1463 1506 1550; baseline 0 -22"><span class='ocrx_word' id='word_1_123' title='bbox 131 1471 300 1546; x_wconf 76' lang='lat' dir='ltr'>perfectiori</span> <span class='ocrx_word' id='word_1_124' title='bbox 332 1472 450 1528; x_wconf 82' lang='lat' dir='ltr'>seientia</span> <span class='ocrx_word' id='word_1_125' title='bbox 473 1473 558 1544; x_wconf 86' lang='lat' dir='ltr'>plena</span> <span class='ocrx_word' id='word_1_126' title='bbox 581 1480 660 1546; x_wconf 88' lang='lat' dir='ltr'>sunt,</span> <span class='ocrx_word' id='word_1_127' title='bbox 692 1481 798 1546; x_wconf 86' lang='lat' dir='ltr'>quanto</span> <span class='ocrx_word' id='word_1_128' title='bbox 816 1477 975 1534; x_wconf 79' lang='lat' dir='ltr'>claritatem</span> <span class='ocrx_word' id='word_1_129' title='bbox 999 1477 1045 1535; x_wconf 91' lang='lat' dir='ltr'>dei</span> <span class='ocrx_word' id='word_1_130' title='bbox 1061 1476 1180 1531; x_wconf 77' lang='lat' dir='ltr'>vicinius</span> <span class='ocrx_word' id='word_1_131' title='bbox 1198 1475 1468 1550; x_wconf 61' lang='lat' dir='ltr'>contemplantur,x</span> <span class='ocrx_word' id='word_1_132' title='bbox 1503 1463 1506 1470; x_wconf 76' lang='grc'><strong><em>’</em></strong></span> 
     </span>
     <span class='ocr_line' id='line_1_14' title="bbox 130 1560 1437 1634; baseline -0.003 -16"><span class='ocrx_word' id='word_1_133' title='bbox 130 1567 165 1618; x_wconf 90' lang='lat' dir='ltr'>nt</span> <span class='ocrx_word' id='word_1_134' title='bbox 188 1563 339 1618; x_wconf 85' lang='lat' dir='ltr'>seeundum</span> <span class='ocrx_word' id='word_1_135' title='bbox 364 1565 503 1616; x_wconf 83' lang='lat' dir='ltr'>creaturae</span> <span class='ocrx_word' id='word_1_136' title='bbox 529 1562 641 1619; x_wconf 91' lang='lat' dir='ltr'>modum</span> <span class='ocrx_word' id='word_1_137' title='bbox 664 1579 700 1619; x_wconf 89' lang='lat' dir='ltr'>eo</span> <span class='ocrx_word' id='word_1_138' title='bbox 723 1563 807 1634; x_wconf 87' lang='lat' dir='ltr'>plene</span> <span class='ocrx_word' id='word_1_139' title='bbox 832 1565 925 1621; x_wconf 89' lang='lat' dir='ltr'>omnia</span> <span class='ocrx_word' id='word_1_140' title='bbox 948 1566 1054 1634; x_wconf 87' lang='lat' dir='ltr'>soient,</span> <span class='ocrx_word' id='word_1_141' title='bbox 1085 1581 1141 1634; x_wconf 93' lang='lat' dir='ltr'>quo</span> <span class='ocrx_word' id='word_1_142' title='bbox 1159 1562 1263 1617; x_wconf 84' lang='lat' dir='ltr'>visioni</span> <span class='ocrx_word' id='word_1_143' title='bbox 1280 1560 1437 1617; x_wconf 80' lang='lat' dir='ltr'>conditoris</span> 
     </span>
     <span class='ocr_line' id='line_1_15' title="bbox 133 1646 1438 1723; baseline -0.001 -20"><span class='ocrx_word' id='word_1_144' title='bbox 133 1647 180 1703; x_wconf 83' lang='lat' dir='ltr'>ani</span> <span class='ocrx_word' id='word_1_145' title='bbox 207 1664 258 1719; x_wconf 93' lang='lat' dir='ltr'>per</span> <span class='ocrx_word' id='word_1_146' title='bbox 285 1648 414 1705; x_wconf 84' lang='lat' dir='ltr'>meritum</span> <span class='ocrx_word' id='word_1_147' title='bbox 440 1646 588 1720; x_wconf 75' lang='lat' dir='ltr'>dignitatis</span> <span class='ocrx_word' id='word_1_148' title='bbox 613 1649 848 1721; x_wconf 70' lang='lat' dir='ltr'>appropinquant.</span> <span class='ocrx_word' id='word_1_149' title='bbox 888 1653 1024 1723; x_wconf 69' lang='lat' dir='ltr'>Seraphin</span> <span class='ocrx_word' id='word_1_150' title='bbox 1046 1655 1185 1712; x_wconf 79' lang='lat' dir='ltr'>vocantur</span> <span class='ocrx_word' id='word_1_151' title='bbox 1211 1649 1263 1703; x_wconf 86' lang='lat' dir='ltr'>illa</span> <span class='ocrx_word' id='word_1_152' title='bbox 1290 1648 1438 1719; x_wconf 89' lang='lat' dir='ltr'>spirituum</span> 
     </span>
     <span class='ocr_line' id='line_1_16' title="bbox 132 1735 1439 1811; baseline -0.002 -20"><span class='ocrx_word' id='word_1_153' title='bbox 132 1742 296 1792; x_wconf 82' lang='lat' dir='ltr'>sanctorum</span> <span class='ocrx_word' id='word_1_154' title='bbox 314 1737 441 1809; x_wconf 88' lang='lat' dir='ltr'>agmina,</span> <span class='ocrx_word' id='word_1_155' title='bbox 469 1752 531 1806; x_wconf 84' lang='lat' dir='ltr'>quae</span> <span class='ocrx_word' id='word_1_156' title='bbox 549 1752 585 1792; x_wconf 86' lang='lat' dir='ltr'>ex</span> <span class='ocrx_word' id='word_1_157' title='bbox 603 1738 743 1810; x_wconf 86' lang='lat' dir='ltr'>singulari</span> <span class='ocrx_word' id='word_1_158' title='bbox 760 1739 971 1811; x_wconf 85' lang='lat' dir='ltr'>propinquitate</span> <span class='ocrx_word' id='word_1_159' title='bbox 990 1738 1144 1796; x_wconf 79' lang='lat' dir='ltr'>conditoris</span> <span class='ocrx_word' id='word_1_160' title='bbox 1162 1737 1206 1792; x_wconf 88' lang='lat' dir='ltr'>sni</span> <span class='ocrx_word' id='word_1_161' title='bbox 1223 1735 1439 1806; x_wconf 84' lang='lat' dir='ltr'>incomparabili</span> 
     </span>
     <span class='ocr_line' id='line_1_17' title="bbox 132 1823 1439 1896; baseline 0.002 -18"><span class='ocrx_word' id='word_1_162' title='bbox 132 1823 236 1880; x_wconf 87' lang='lat' dir='ltr'>ardent</span> <span class='ocrx_word' id='word_1_163' title='bbox 253 1840 364 1894; x_wconf 83' lang='lat' dir='ltr'>amore;</span> <span class='ocrx_word' id='word_1_164' title='bbox 395 1823 543 1895; x_wconf 85' lang='lat' dir='ltr'>seraphim</span> <span class='ocrx_word' id='word_1_165' title='bbox 555 1840 676 1896; x_wconf 71' lang='lat' dir='ltr'>nmque</span> <span class='ocrx_word' id='word_1_166' title='bbox 691 1825 822 1888; x_wconf 73' lang='lat' dir='ltr'>audentes</span> <span class='ocrx_word' id='word_1_167' title='bbox 841 1826 890 1882; x_wconf 89' lang='lat' dir='ltr'>vel</span> <span class='ocrx_word' id='word_1_168' title='bbox 906 1827 1085 1883; x_wconf 78' lang='lat' dir='ltr'>incendentes</span> <span class='ocrx_word' id='word_1_169' title='bbox 1103 1829 1255 1892; x_wconf 82' lang='lat' dir='ltr'>vocantur,</span> <span class='ocrx_word' id='word_1_170' title='bbox 1273 1839 1353 1894; x_wconf 71' lang='lat' dir='ltr'>qum,</span> <span class='ocrx_word' id='word_1_171' title='bbox 1372 1824 1439 1894; x_wconf 80' lang='lat' dir='ltr'>qnia</span> 
     </span>
     <span class='ocr_line' id='line_1_18' title="bbox 131 1911 1439 1988; baseline 0.001 -22"><span class='ocrx_word' id='word_1_172' title='bbox 131 1911 174 1966; x_wconf 86' lang='lat' dir='ltr'>ita</span> <span class='ocrx_word' id='word_1_173' title='bbox 192 1912 246 1966; x_wconf 87' lang='lat' dir='ltr'>deo</span> <span class='ocrx_word' id='word_1_174' title='bbox 265 1913 418 1984; x_wconf 75' lang='lat' dir='ltr'>conjuncta</span> <span class='ocrx_word' id='word_1_175' title='bbox 436 1916 516 1984; x_wconf 85' lang='lat' dir='ltr'>sunt,</span> <span class='ocrx_word' id='word_1_176' title='bbox 534 1916 565 1968; x_wconf 91' lang='lat' dir='ltr'>ut</span> <span class='ocrx_word' id='word_1_177' title='bbox 582 1913 658 1968; x_wconf 86' lang='lat' dir='ltr'>inter</span> <span class='ocrx_word' id='word_1_178' title='bbox 676 1913 738 1968; x_wconf 85' lang='lat' dir='ltr'>haee</span> <span class='ocrx_word' id='word_1_179' title='bbox 756 1918 786 1970; x_wconf 94' lang='lat' dir='ltr'>et</span> <span class='ocrx_word' id='word_1_180' title='bbox 804 1914 886 1970; x_wconf 87' lang='lat' dir='ltr'>deum</span> <span class='ocrx_word' id='word_1_181' title='bbox 903 1914 973 1970; x_wconf 91' lang='lat' dir='ltr'>nulli</span> <span class='ocrx_word' id='word_1_182' title='bbox 991 1914 1043 1970; x_wconf 90' lang='lat' dir='ltr'>alii</span> <span class='ocrx_word' id='word_1_183' title='bbox 1058 1913 1175 1988; x_wconf 86' lang='lat' dir='ltr'>spiritns</span> <span class='ocrx_word' id='word_1_184' title='bbox 1192 1911 1336 1982; x_wconf 85' lang='lat' dir='ltr'>intersint,</span> <span class='ocrx_word' id='word_1_185' title='bbox 1356 1916 1439 1967; x_wconf 88' lang='lat' dir='ltr'>tanto</span> 
     </span>
     <span class='ocr_line' id='line_1_19' title="bbox 130 1998 843 2072; baseline 0.004 -18"><span class='ocrx_word' id='word_1_186' title='bbox 130 1998 224 2072; x_wconf 85' lang='lat' dir='ltr'>magis</span> <span class='ocrx_word' id='word_1_187' title='bbox 242 1999 357 2068; x_wconf 88' lang='lat' dir='ltr'>ardent,</span> <span class='ocrx_word' id='word_1_188' title='bbox 389 2004 494 2068; x_wconf 89' lang='lat' dir='ltr'>quanto</span> <span class='ocrx_word' id='word_1_189' title='bbox 512 2000 586 2053; x_wconf 87' lang='lat' dir='ltr'>huno</span> <span class='ocrx_word' id='word_1_190' title='bbox 603 1999 722 2055; x_wconf 85' lang='lat' dir='ltr'>vicinius</span> <span class='ocrx_word' id='word_1_191' title='bbox 740 2000 843 2058; x_wconf 86' lang='lat' dir='ltr'>vident.</span> 
     </span>
    </p>
   </div>
   <div class='ocr_carea' id='block_1_3' title="bbox 149 2120 1293 2200">
    <p class='ocr_par' dir='ltr' id='par_1_3' title="bbox 149 2120 1293 2200">
     <span class='ocr_line' id='line_1_20' title="bbox 149 2120 1293 2200; baseline 0.001 -25"><span class='ocrx_word' id='word_1_192' title='bbox 149 2193 153 2200; x_wconf 21' lang='lat'>²</span> <span class='ocrx_word' id='word_1_193' title='bbox 220 2123 256 2175; x_wconf 76' lang='grc'>49</span> <span class='ocrx_word' id='word_1_194' title='bbox 273 2124 402 2191; x_wconf 84' lang='lat' dir='ltr'>potestas</span> <span class='ocrx_word' id='word_1_195' title='bbox 420 2121 468 2175; x_wconf 82' lang='lat' dir='ltr'>lle.</span> <span class='ocrx_word' id='word_1_196' title='bbox 503 2120 538 2172; x_wconf 81' lang='lat'>59</span> <span class='ocrx_word' id='word_1_197' title='bbox 557 2133 626 2188; x_wconf 82' lang='lat' dir='ltr'>quas</span> <span class='ocrx_word' id='word_1_198' title='bbox 644 2120 691 2176; x_wconf 90' lang='lat' dir='ltr'>lls.</span> <span class='ocrx_word' id='word_1_199' title='bbox 714 2121 808 2178; x_wconf 84' lang='lat' dir='ltr'>Uober</span> <span class='ocrx_word' id='word_1_200' title='bbox 825 2124 875 2178; x_wconf 81' lang='lat' dir='ltr'>dau</span> <span class='ocrx_word' id='word_1_201' title='bbox 893 2125 990 2181; x_wconf 88' lang='lat' dir='ltr'>Neutr.</span> <span class='ocrx_word' id='word_1_202' title='bbox 1009 2124 1044 2180; x_wconf 87' lang='grc'>18</span> <span class='ocrx_word' id='word_1_203' title='bbox 1063 2141 1083 2180; x_wconf 80' lang='lat' dir='ltr'>s</span> <span class='ocrx_word' id='word_1_204' title='bbox 1102 2123 1154 2178; x_wconf 89' lang='lat' dir='ltr'>No.</span> <span class='ocrx_word' id='word_1_205' title='bbox 1172 2123 1234 2192; x_wconf 86' lang='grc'>306,</span> <span class='ocrx_word' id='word_1_206' title='bbox 1252 2123 1293 2176; x_wconf 77' lang='grc'>37.</span> 
     </span>
    </p>
   </div>
   <div class='ocr_carea' id='block_1_4' title="bbox 131 2238 1439 2475">
    <p class='ocr_par' dir='ltr' id='par_1_4' title="bbox 131 2238 1439 2475">
     <span class='ocr_line' id='line_1_21' title="bbox 221 2238 1439 2314; baseline 0.002 -20"><span class='ocrx_word' id='word_1_207' title='bbox 221 2238 254 2295; x_wconf 86' lang='lat' dir='ltr'>V.</span> <span class='ocrx_word' id='word_1_208' title='bbox 272 2243 297 2294; x_wconf 82' lang='lat'>2.</span> <span class='ocrx_word' id='word_1_209' title='bbox 324 2239 408 2295; x_wconf 83' lang='lat' dir='ltr'>trinae</span> <span class='ocrx_word' id='word_1_210' title='bbox 425 2239 601 2312; x_wconf 64' lang='lat' dir='ltr'>hierarchia.</span> <span class='ocrx_word' id='word_1_211' title='bbox 628 2240 686 2298; x_wconf 78' lang='lat' dir='ltr'>Der</span> <span class='ocrx_word' id='word_1_212' title='bbox 703 2241 818 2297; x_wconf 83' lang='lat' dir='ltr'>lliohter</span> <span class='ocrx_word' id='word_1_213' title='bbox 841 2240 918 2314; x_wconf 80' lang='lat' dir='ltr'>iolgt</span> <span class='ocrx_word' id='word_1_214' title='bbox 942 2245 1024 2298; x_wconf 91' lang='lat' dir='ltr'>darin</span> <span class='ocrx_word' id='word_1_215' title='bbox 1042 2243 1105 2298; x_wconf 85' lang='lat' dir='ltr'>dem</span> <span class='ocrx_word' id='word_1_216' title='bbox 1123 2243 1236 2298; x_wconf 67' lang='lat' dir='ltr'>rhomo</span> <span class='ocrx_word' id='word_1_217' title='bbox 1255 2242 1345 2312; x_wconf 71' lang='lat' dir='ltr'>Aponio</span> <span class='ocrx_word' id='word_1_218' title='bbox 1364 2256 1439 2297; x_wconf 88' lang='lat' dir='ltr'>oom-</span> 
     </span>
     <span class='ocr_line' id='line_1_22' title="bbox 131 2326 1438 2400; baseline 0.002 -18"><span class='ocrx_word' id='word_1_219' title='bbox 131 2327 214 2400; x_wconf 87' lang='lat' dir='ltr'>pend</span> <span class='ocrx_word' id='word_1_220' title='bbox 233 2327 361 2398; x_wconf 88' lang='lat' dir='ltr'>theolog.</span> <span class='ocrx_word' id='word_1_221' title='bbox 380 2342 404 2382; x_wconf 86' lang='lat' dir='ltr'>o.</span> <span class='ocrx_word' id='word_1_222' title='bbox 422 2327 489 2396; x_wconf 83' lang='lat'>126,</span> <span class='ocrx_word' id='word_1_223' title='bbox 508 2327 559 2383; x_wconf 87' lang='lat' dir='ltr'>der</span> <span class='ocrx_word' id='word_1_224' title='bbox 577 2327 622 2384; x_wconf 90' lang='lat' dir='ltr'>die</span> <span class='ocrx_word' id='word_1_225' title='bbox 640 2343 714 2384; x_wconf 83' lang='lat' dir='ltr'>nean</span> <span class='ocrx_word' id='word_1_226' title='bbox 731 2327 908 2400; x_wconf 83' lang='lat' dir='ltr'>Engelohdre</span> <span class='ocrx_word' id='word_1_227' title='bbox 926 2331 999 2384; x_wconf 88' lang='lat' dir='ltr'>naoh</span> <span class='ocrx_word' id='word_1_228' title='bbox 1017 2326 1267 2399; x_wconf 85' lang='lat' dir='ltr'>philosophisehen</span> <span class='ocrx_word' id='word_1_229' title='bbox 1283 2329 1438 2386; x_wconf 81' lang='lat' dir='ltr'>Ansiohton</span> 
     </span>
     <span class='ocr_line' id='line_1_23' title="bbox 131 2413 547 2475; baseline 0.005 -5"><span class='ocrx_word' id='word_1_230' title='bbox 131 2415 163 2471; x_wconf 92' lang='lat' dir='ltr'>in</span> <span class='ocrx_word' id='word_1_231' title='bbox 181 2418 199 2470; x_wconf 85' lang='lat'><strong>3</strong></span> <span class='ocrx_word' id='word_1_232' title='bbox 216 2413 403 2472; x_wconf 80' lang='lat' dir='ltr'>llierarohinn</span> <span class='ocrx_word' id='word_1_233' title='bbox 418 2413 547 2475; x_wconf 78' lang='lat' dir='ltr'>abihailt</span> 
     </span>
    </p>
   </div>
   <div class='ocr_carea' id='block_1_5' title="bbox 461 2637 1045 2772">
    <p class='ocr_par' dir='ltr' id='par_1_5' title="bbox 461 2637 1045 2772">
     <span class='ocr_line' id='line_1_24' title="bbox 461 2637 1045 2772; baseline -0.005 -28"><span class='ocrx_word' id='word_1_234' title='bbox 461 2765 463 2772; x_wconf 11' lang='grc' dir='ltr'><em>γ</em></span> <span class='ocrx_word' id='word_1_235' title='bbox 527 2669 614 2744; x_wconf 85' lang='grc'><strong>309.</strong></span> <span class='ocrx_word' id='word_1_236' title='bbox 652 2669 712 2744; x_wconf 85' lang='lat' dir='ltr'>De</span> <span class='ocrx_word' id='word_1_237' title='bbox 734 2637 892 2770; x_wconf 66' lang='lat' dir='ltr'>angelis,</span> <span class='ocrx_word' id='word_1_238' title='bbox 923 2671 1045 2743; x_wconf 87' lang='lat' dir='ltr'>oratio.</span> 
     </span>
    </p>
   </div>
   <div class='ocr_carea' id='block_1_6' title="bbox 130 2853 1437 3356">
    <p class='ocr_par' dir='ltr' id='par_1_6' title="bbox 132 2853 1265 2939">
     <span class='ocr_line' id='line_1_25' title="bbox 132 2853 1265 2939; baseline 0.002 -19"><span class='ocrx_word' id='word_1_239' title='bbox 132 2854 261 2926; x_wconf 83' lang='lat' dir='ltr'>Novam</span> <span class='ocrx_word' id='word_1_240' title='bbox 288 2857 380 2924; x_wconf 86' lang='lat' dir='ltr'>ebori</span> <span class='ocrx_word' id='word_1_241' title='bbox 401 2856 596 2939; x_wconf 76' lang='lat' dir='ltr'>augelorum</span> <span class='ocrx_word' id='word_1_242' title='bbox 810 2853 934 2939; x_wconf 84' lang='lat' dir='ltr'>lpsum,</span> <span class='ocrx_word' id='word_1_243' title='bbox 956 2873 1091 2938; x_wconf 87' lang='lat' dir='ltr'>preoor,</span> <span class='ocrx_word' id='word_1_244' title='bbox 1117 2863 1265 2938; x_wconf 83' lang='lat' dir='ltr'>exorate,</span> 
     </span>
    </p>

    <p class='ocr_par' dir='ltr' id='par_1_7' title="bbox 130 2957 1157 3042">
     <span class='ocr_line' id='line_1_26' title="bbox 130 2957 1157 3042; baseline 0.002 -20"><span class='ocrx_word' id='word_1_245' title='bbox 130 2959 165 3022; x_wconf 93' lang='lat' dir='ltr'>iu</span> <span class='ocrx_word' id='word_1_246' title='bbox 188 2957 283 3042; x_wconf 88' lang='lat' dir='ltr'>Syon</span> <span class='ocrx_word' id='word_1_247' title='bbox 305 2961 401 3026; x_wconf 87' lang='lat' dir='ltr'>deum</span> <span class='ocrx_word' id='word_1_248' title='bbox 423 2961 559 3027; x_wconf 85' lang='lat' dir='ltr'>deorum</span> <span class='ocrx_word' id='word_1_249' title='bbox 810 2965 846 3024; x_wconf 88' lang='lat' dir='ltr'>nt</span> <span class='ocrx_word' id='word_1_250' title='bbox 868 2975 930 3041; x_wconf 88' lang='lat' dir='ltr'>pro</span> <span class='ocrx_word' id='word_1_251' title='bbox 953 2976 1012 3024; x_wconf 87' lang='lat' dir='ltr'>sua</span> <span class='ocrx_word' id='word_1_252' title='bbox 1034 2959 1157 3042; x_wconf 85' lang='lat' dir='ltr'>pietate</span> 
     </span>
    </p>

    <p class='ocr_par' dir='ltr' id='par_1_8' title="bbox 130 3061 1373 3148">
     <span class='ocr_line' id='line_1_27' title="bbox 130 3061 1373 3148; baseline 0.002 -22"><span class='ocrx_word' id='word_1_253' title='bbox 130 3065 381 3148; x_wconf 86' lang='lat' dir='ltr'>oontemplando</span> <span class='ocrx_word' id='word_1_254' title='bbox 404 3085 499 3148; x_wconf 87' lang='lat' dir='ltr'>quem</span> <span class='ocrx_word' id='word_1_255' title='bbox 520 3061 640 3134; x_wconf 79' lang='lat' dir='ltr'>videtis</span> <span class='ocrx_word' id='word_1_256' title='bbox 810 3063 900 3131; x_wconf 86' lang='lat' dir='ltr'>lavet</span> <span class='ocrx_word' id='word_1_257' title='bbox 921 3063 954 3125; x_wconf 93' lang='lat' dir='ltr'>in</span> <span class='ocrx_word' id='word_1_258' title='bbox 976 3082 1054 3146; x_wconf 73' lang='lat' dir='ltr'>me„</span> <span class='ocrx_word' id='word_1_259' title='bbox 1067 3063 1221 3146; x_wconf 85' lang='lat' dir='ltr'>quidquid</span> <span class='ocrx_word' id='word_1_260' title='bbox 1244 3062 1373 3146; x_wconf 87' lang='lat' dir='ltr'>sordet,</span> 
     </span>
    </p>

    <p class='ocr_par' dir='ltr' id='par_1_9' title="bbox 131 3165 1437 3356">
     <span class='ocr_line' id='line_1_28' title="bbox 131 3165 1306 3250; baseline 0.002 -20"><span class='ocrx_word' id='word_1_261' title='bbox 131 3172 166 3230; x_wconf 84' lang='lat' dir='ltr'>ot</span> <span class='ocrx_word' id='word_1_262' title='bbox 186 3166 288 3249; x_wconf 89' lang='lat' dir='ltr'>ipsius</span> <span class='ocrx_word' id='word_1_263' title='bbox 311 3167 526 3250; x_wconf 80' lang='lat' dir='ltr'>oongandetis</span> <span class='ocrx_word' id='word_1_264' title='bbox 630 3199 633 3206; x_wconf 47' lang='lat'><strong>⁴</strong></span> <span class='ocrx_word' id='word_1_265' title='bbox 810 3172 845 3230; x_wconf 91' lang='lat' dir='ltr'>et</span> <span class='ocrx_word' id='word_1_266' title='bbox 866 3165 1021 3248; x_wconf 87' lang='lat' dir='ltr'>remittat,</span> <span class='ocrx_word' id='word_1_267' title='bbox 1045 3185 1118 3248; x_wconf 82' lang='lat' dir='ltr'>quae</span> <span class='ocrx_word' id='word_1_268' title='bbox 1140 3167 1306 3234; x_wconf 88' lang='lat' dir='ltr'>remordet</span> 
     </span>
     <span class='ocr_line' id='line_1_29' title="bbox 169 3267 1437 3356; baseline 0.002 -25"><span class='ocrx_word' id='word_1_269' title='bbox 169 3267 296 3352; x_wconf 87' lang='lat' dir='ltr'>jugiter</span> <span class='ocrx_word' id='word_1_270' title='bbox 317 3269 509 3356; x_wconf 87' lang='lat' dir='ltr'>praesentia:</span> <span class='ocrx_word' id='word_1_271' title='bbox 738 3269 757 3332; x_wconf 88' lang='lat'>5</span> <span class='ocrx_word' id='word_1_272' title='bbox 853 3269 955 3334; x_wconf 86' lang='lat' dir='ltr'>tristis</span> <span class='ocrx_word' id='word_1_273' title='bbox 978 3270 1184 3334; x_wconf 77' lang='lat' dir='ltr'>conscientia.</span> <span class='ocrx_word' id='word_1_274' title='bbox 1395 3271 1437 3334; x_wconf 81' lang='lat'>10</span> 
     </span>
    </p>
   </div>
   <div class='ocr_carea' id='block_1_7' title="bbox 215 3402 1436 3568">
    <p class='ocr_par' dir='ltr' id='par_1_10' title="bbox 215 3402 1436 3568">
     <span class='ocr_line' id='line_1_30' title="bbox 217 3402 1102 3474; baseline 0.005 -16"><span class='ocrx_word' id='word_1_275' title='bbox 217 3402 265 3460; x_wconf 83' lang='lat' dir='ltr'>Hs.</span> <span class='ocrx_word' id='word_1_276' title='bbox 283 3419 319 3458; x_wconf 81' lang='lat' dir='ltr'>nu</span> <span class='ocrx_word' id='word_1_277' title='bbox 336 3403 430 3474; x_wconf 73' lang='grc' dir='ltr'>Ἧιίιι,</span> <span class='ocrx_word' id='word_1_278' title='bbox 448 3405 679 3464; x_wconf 78' lang='lat' dir='ltr'>Dombibliothek</span> <span class='ocrx_word' id='word_1_279' title='bbox 695 3406 750 3462; x_wconf 85' lang='lat' dir='ltr'>No.</span> <span class='ocrx_word' id='word_1_280' title='bbox 766 3408 810 3462; x_wconf 73' lang='lat' dir='ltr'>ll.</span> <span class='ocrx_word' id='word_1_281' title='bbox 828 3405 858 3463; x_wconf 83' lang='lat' dir='ltr'>li.</span> <span class='ocrx_word' id='word_1_282' title='bbox 878 3407 934 3462; x_wconf 88' lang='lat' dir='ltr'>des.</span> <span class='ocrx_word' id='word_1_283' title='bbox 951 3408 985 3460; x_wconf 78' lang='lat'>15</span> <span class='ocrx_word' id='word_1_284' title='bbox 1004 3405 1102 3462; x_wconf 85' lang='lat' dir='ltr'>Jahrh.</span> 
     </span>
     <span class='ocr_line' id='line_1_31' title="bbox 215 3489 1436 3568; baseline 0.002 -23"><span class='ocrx_word' id='word_1_285' title='bbox 215 3491 284 3546; x_wconf 81' lang='lat' dir='ltr'>Eine</span> <span class='ocrx_word' id='word_1_286' title='bbox 308 3492 484 3564; x_wconf 81' lang='lat' dir='ltr'>griechisohe</span> <span class='ocrx_word' id='word_1_287' title='bbox 502 3489 648 3556; x_wconf 81' lang='lat' dir='ltr'>Panallele</span> <span class='ocrx_word' id='word_1_288' title='bbox 668 3494 917 3568; x_wconf 75' lang='lat' dir='ltr'>nnit&#39;Anta&#39;ahlnng</span> <span class='ocrx_word' id='word_1_289' title='bbox 941 3496 993 3552; x_wconf 88' lang='lat' dir='ltr'>der</span> <span class='ocrx_word' id='word_1_290' title='bbox 1010 3496 1104 3554; x_wconf 78' lang='lat' dir='ltr'>Ohdre</span> <span class='ocrx_word' id='word_1_291' title='bbox 1121 3493 1160 3550; x_wconf 85' lang='lat' dir='ltr'>ist</span> <span class='ocrx_word' id='word_1_292' title='bbox 1177 3490 1313 3566; x_wconf 82' lang='lat' dir='ltr'>fulgenda</span> <span class='ocrx_word' id='word_1_293' title='bbox 1331 3493 1361 3548; x_wconf 91' lang='lat' dir='ltr'>in</span> <span class='ocrx_word' id='word_1_294' title='bbox 1381 3491 1436 3548; x_wconf 88' lang='lat' dir='ltr'>den</span> 
     </span>
    </p>
   </div>
   <div class='ocr_carea' id='block_1_8' title="bbox 41 3577 379 3637">
    <p class='ocr_par' dir='ltr' id='par_1_11' title="bbox 41 3577 379 3637">
     <span class='ocr_line' id='line_1_32' title="bbox 41 3577 379 3637; baseline -0.009 0"><span class='ocrx_word' id='word_1_295' title='bbox 41 3628 45 3637; x_wconf 77' lang='grc'>,</span> <span class='ocrx_word' id='word_1_296' title='bbox 126 3577 247 3635; x_wconf 62' lang='lat' dir='ltr'>neuma</span> <span class='ocrx_word' id='word_1_297' title='bbox 264 3578 336 3634; x_wconf 82' lang='lat' dir='ltr'>Nor.</span> <span class='ocrx_word' id='word_1_298' title='bbox 355 3581 379 3634; x_wconf 83' lang='lat'>8.</span> 
     </span>
    </p>
   </div>
   <div class='ocr_carea' id='block_1_9' title="bbox 144 3665 1293 4270">
    <p class='ocr_par' dir='ltr' id='par_1_12' title="bbox 144 3665 1293 4270">
     <span class='ocr_line' id='line_1_33' title="bbox 237 3665 1259 3747; baseline -0.001 -25"><span class='ocrx_word' id='word_1_299' title='bbox 237 3665 280 3722; x_wconf 79' lang='grc' dir='ltr'>Ἰὰ</span> <span class='ocrx_word' id='word_1_300' title='bbox 294 3667 430 3742; x_wconf 79' lang='grc' dir='ltr'><strong><em>χερουβὶμ</em></strong></span> <span class='ocrx_word' id='word_1_301' title='bbox 447 3669 494 3724; x_wconf 77' lang='grc' dir='ltr'>καὶ</span> <span class='ocrx_word' id='word_1_302' title='bbox 513 3673 636 3746; x_wconf 72' lang='grc' dir='ltr'><strong><em>σιραφὶμ</em></strong></span> <span class='ocrx_word' id='word_1_303' title='bbox 662 3690 663 3696; x_wconf 69' lang='grc'>’</span> <span class='ocrx_word' id='word_1_304' title='bbox 794 3695 797 3702; x_wconf 90' lang='grc'><strong><em>·</em></strong></span> <span class='ocrx_word' id='word_1_305' title='bbox 881 3699 900 3718; x_wconf 82' lang='lat'>··</span> <span class='ocrx_word' id='word_1_306' title='bbox 930 3673 977 3726; x_wconf 80' lang='grc' dir='ltr'>καὶ</span> <span class='ocrx_word' id='word_1_307' title='bbox 994 3665 1080 3747; x_wconf 75' lang='grc' dir='ltr'><strong><em>ἀρχαὶ</em></strong></span> <span class='ocrx_word' id='word_1_308' title='bbox 1098 3665 1259 3724; x_wconf 80' lang='grc' dir='ltr'><strong><em>δυσωποῦσι</em></strong></span> 
     </span>
     <span class='ocr_line' id='line_1_34' title="bbox 269 3752 1201 3829; baseline 0 -19"><span class='ocrx_word' id='word_1_309' title='bbox 269 3754 466 3827; x_wconf 80' lang='grc' dir='ltr'><strong><em>πολυόμματα,</em></strong></span> <span class='ocrx_word' id='word_1_310' title='bbox 879 3759 910 3815; x_wconf 80' lang='grc' dir='ltr'>σὲ</span> <span class='ocrx_word' id='word_1_311' title='bbox 931 3758 977 3815; x_wconf 86' lang='grc' dir='ltr'>τὸυ</span> <span class='ocrx_word' id='word_1_312' title='bbox 994 3755 1107 3829; x_wconf 77' lang='grc' dir='ltr'><strong><em>ποιητὴν</em></strong></span> <span class='ocrx_word' id='word_1_313' title='bbox 1124 3752 1201 3827; x_wconf 78' lang='grc' dir='ltr'><em>ἡμῶν</em></span> 
     </span>
     <span class='ocr_line' id='line_1_35' title="bbox 196 3837 1293 3921; baseline 0.003 -26"><span class='ocrx_word' id='word_1_314' title='bbox 196 3838 252 3896; x_wconf 78' lang='grc' dir='ltr'>τῶν</span> <span class='ocrx_word' id='word_1_315' title='bbox 269 3837 448 3917; x_wconf 67' lang='grc' dir='ltr'><strong><em>ἆρχυῃέλωυ</em></strong></span> <span class='ocrx_word' id='word_1_316' title='bbox 465 3842 628 3921; x_wconf 74' lang='grc' dir='ltr'>λειτουργῶν</span> <span class='ocrx_word' id='word_1_317' title='bbox 932 3849 977 3900; x_wconf 82' lang='grc' dir='ltr'>καὶ</span> <span class='ocrx_word' id='word_1_318' title='bbox 995 3843 1064 3900; x_wconf 72' lang='grc' dir='ltr'>θεὸν</span> <span class='ocrx_word' id='word_1_319' title='bbox 1083 3846 1129 3898; x_wconf 83' lang='grc' dir='ltr'>καὶ</span> <span class='ocrx_word' id='word_1_320' title='bbox 1147 3838 1293 3911; x_wconf 79' lang='grc' dir='ltr'>δεσπότην,</span> 
     </span>
     <span class='ocr_line' id='line_1_36' title="bbox 144 3927 1175 4007; baseline 0.003 -26"><span class='ocrx_word' id='word_1_321' title='bbox 144 3987 146 3992; x_wconf 57' lang='grc'>,</span> <span class='ocrx_word' id='word_1_322' title='bbox 251 3927 286 3983; x_wconf 84' lang='grc' dir='ltr'>τὰ</span> <span class='ocrx_word' id='word_1_323' title='bbox 305 3927 496 4006; x_wconf 75' lang='grc' dir='ltr'><strong><em>στρατεύματα</em></strong></span> <span class='ocrx_word' id='word_1_324' title='bbox 867 3931 917 4006; x_wconf 62' lang='grc' dir='ltr'>μὴ</span> <span class='ocrx_word' id='word_1_325' title='bbox 935 3931 1067 4007; x_wconf 64' lang='lat' dir='ltr'>liuboldus</span> <span class='ocrx_word' id='word_1_326' title='bbox 1085 3929 1175 4000; x_wconf 72' lang='grc' dir='ltr'><strong><em>δέησιν</em></strong></span> 
     </span>
     <span class='ocr_line' id='line_1_37' title="bbox 181 4013 1215 4092; baseline -0.002 -18"><span class='ocrx_word' id='word_1_327' title='bbox 181 4025 184 4029; x_wconf 78' lang='grc'><strong>’</strong></span> <span class='ocrx_word' id='word_1_328' title='bbox 252 4017 303 4075; x_wconf 74' lang='grc' dir='ltr'>σὺν</span> <span class='ocrx_word' id='word_1_329' title='bbox 321 4020 461 4085; x_wconf 80' lang='grc' dir='ltr'><strong><em>ἐξουσίαις</em></strong></span> <span class='ocrx_word' id='word_1_330' title='bbox 930 4017 998 4075; x_wconf 77' lang='grc' dir='ltr'><strong><em>λαοῦ</em></strong></span> <span class='ocrx_word' id='word_1_331' title='bbox 1015 4013 1215 4092; x_wconf 71' lang='grc' dir='ltr'>ἡμαρτηκότος,</span> 
     </span>
     <span class='ocr_line' id='line_1_38' title="bbox 196 4101 1142 4182; baseline -0.003 -22"><span class='ocrx_word' id='word_1_332' title='bbox 196 4101 313 4180; x_wconf 79' lang='grc' dir='ltr'>θρόνοι,</span> <span class='ocrx_word' id='word_1_333' title='bbox 333 4102 501 4180; x_wconf 71' lang='grc' dir='ltr'><strong><em>κυριότητες,</em></strong></span> <span class='ocrx_word' id='word_1_334' title='bbox 876 4105 980 4182; x_wconf 79' lang='grc' dir='ltr'><strong><em>Χριστὲ</em></strong></span> <span class='ocrx_word' id='word_1_335' title='bbox 1000 4105 1142 4160; x_wconf 71' lang='lat' dir='ltr'>noluitne!</span> 
     </span>
     <span class='ocr_line' id='line_1_39' title="bbox 197 4189 840 4270; baseline 0 -20"><span class='ocrx_word' id='word_1_336' title='bbox 197 4189 309 4270; x_wconf 62' lang='grc' dir='ltr'><strong><em>ἄγγελοι</em></strong></span> <span class='ocrx_word' id='word_1_337' title='bbox 328 4191 455 4268; x_wconf 74' lang='grc' dir='ltr'>δυνάμεις</span> <span class='ocrx_word' id='word_1_338' title='bbox 473 4213 502 4250; x_wconf 84' lang='grc' dir='ltr'>τι</span> <span class='ocrx_word' id='word_1_339' title='bbox 837 4191 840 4198; x_wconf 68' lang='grc'><em>’</em></span> 
     </span>
    </p>
   </div>
   <div class='ocr_carea' id='block_1_10' title="bbox 608 4427 955 4550">
    <p class='ocr_par' dir='ltr' id='par_1_13' title="bbox 608 4427 955 4550">
     <span class='ocr_line' id='line_1_40' title="bbox 608 4427 955 4550; baseline -0.035 -27"><span class='ocrx_word' id='word_1_340' title='bbox 608 4441 694 4523; x_wconf 88' lang='grc'>310.</span> <span class='ocrx_word' id='word_1_341' title='bbox 725 4445 784 4520; x_wconf 86' lang='lat' dir='ltr'>De</span> <span class='ocrx_word' id='word_1_342' title='bbox 809 4427 955 4550; x_wconf 73' lang='lat' dir='ltr'>augelis.</span> 
     </span>
    </p>
   </div>
   <div class='ocr_carea' id='block_1_11' title="bbox 111 4611 1280 4815">
    <p class='ocr_par' dir='ltr' id='par_1_14' title="bbox 111 4611 1280 4815">
     <span class='ocr_line' id='line_1_41' title="bbox 111 4611 1235 4708; baseline -0.014 -18"><span class='ocrx_word' id='word_1_343' title='bbox 111 4619 221 4692; x_wconf 86' lang='lat' dir='ltr'>-Saori</span> <span class='ocrx_word' id='word_1_344' title='bbox 239 4630 341 4692; x_wconf 84' lang='lat' dir='ltr'>ooetns</span> <span class='ocrx_word' id='word_1_345' title='bbox 363 4624 504 4708; x_wconf 83' lang='lat' dir='ltr'>angolioi</span> <span class='ocrx_word' id='word_1_346' title='bbox 641 4684 644 4690; x_wconf 91' lang='lat'><em>.</em></span> <span class='ocrx_word' id='word_1_347' title='bbox 806 4625 843 4686; x_wconf 92' lang='lat' dir='ltr'>ut</span> <span class='ocrx_word' id='word_1_348' title='bbox 864 4617 969 4701; x_wconf 86' lang='lat' dir='ltr'>possit</span> <span class='ocrx_word' id='word_1_349' title='bbox 990 4636 1010 4688; x_wconf 89' lang='lat' dir='ltr'>a</span> <span class='ocrx_word' id='word_1_350' title='bbox 1032 4634 1083 4678; x_wconf 90' lang='lat' dir='ltr'>me</span> <span class='ocrx_word' id='word_1_351' title='bbox 1096 4611 1235 4696; x_wconf 84' lang='lat' dir='ltr'>perflui,</span> 
     </span>
     <span class='ocr_line' id='line_1_42' title="bbox 166 4715 1280 4815; baseline -0.013 -22"><span class='ocrx_word' id='word_1_352' title='bbox 166 4747 219 4793; x_wconf 92' lang='lat' dir='ltr'>me</span> <span class='ocrx_word' id='word_1_353' title='bbox 242 4745 371 4814; x_wconf 85' lang='lat' dir='ltr'>semper</span> <span class='ocrx_word' id='word_1_354' title='bbox 392 4729 571 4815; x_wconf 87' lang='lat' dir='ltr'>roboretis,</span> <span class='ocrx_word' id='word_1_355' title='bbox 851 4719 938 4806; x_wconf 91' lang='lat' dir='ltr'>quod</span> <span class='ocrx_word' id='word_1_356' title='bbox 959 4719 1050 4802; x_wconf 84' lang='lat' dir='ltr'>vovi,</span> <span class='ocrx_word' id='word_1_357' title='bbox 1076 4736 1127 4783; x_wconf 87' lang='lat' dir='ltr'>me</span> <span class='ocrx_word' id='word_1_358' title='bbox 1145 4715 1280 4800; x_wconf 83' lang='lat' dir='ltr'>juvetis.</span> 
     </span>
    </p>
   </div>
   <div class='ocr_carea' id='block_1_12' title="bbox 0 0 1662 5358">
    <p class='ocr_par' dir='ltr' id='par_1_15' title="bbox 0 0 1662 5358">
     <span class='ocr_line' id='line_1_43' title="bbox 0 0 1662 5358; baseline 0 0"><span class='ocrx_word' id='word_1_359' title='bbox 0 0 1662 5358; x_wconf 95' lang='lat' dir='ltr'> </span> 
     </span>
    </p>
   </div>
  </div>
 </body>
</html>
