3280 5358
1403 317 1448 386 78

227 501 259 556 V.
280 505 320 558 11.
346 500 425 558 πάσα
443 505 543 578 πατρίς
561 506 606 556 καί
624 497 689 558 οὐδὲ
707 505 767 572 μία,
785 499 821 555 σὺ
839 501 869 556 δὲ
888 503 966 567 ξένος
984 501 1240 576 tornamentorum.
1259 503 1444 574 ὃτιμοτ.Νοτ.

140 605 181 644 or.
199 589 241 642 28.
259 605 286 659 p.
304 590 365 644 183.
399 591 489 646 Nemo
507 590 536 646 in
554 591 640 662 hujus
659 590 726 646 vitae
744 589 845 645 itinere
863 595 992 660 torpeat,
1016 605 1050 646 ue
1069 591 1097 646 iu
1115 591 1209 663 putria
1226 591 1319 648 loeum
1337 595 1447 664 perdat.

140 676 251 748 Grepor.
269 678 303 731 Μ.
321 677 441 732 homin
460 693 501 732 ev.
520 679 546 745 2,
564 680 607 746 22,
626 679 650 732 9.

199 756 203 764 ’
227 765 261 818 V.
280 768 320 819 15.
345 763 561 828 inuenientium
580 771 636 827 τοῖς
656 761 712 818 άνω
731 760 841 836 συνάψῃ
859 758 876 818 ὁ
893 761 972 828 θεὸς,
991 761 1082 838 σάρκα
1100 763 1293 840 προσελάβετο.
1318 766 1385 836 Apr.
1404 767 1446 820 11.

229 852 261 910 V.
281 855 322 906 19.
348 852 481 908 enimulia
497 851 614 920 munda,
632 851 678 906 die
697 847 802 906 Sohefe
820 849 933 906 Christi

228 940 262 993 V.
279 942 315 994 29
332 935 379 1012 hg.
407 940 474 995 Wie
498 940 560 994 hier
584 955 641 994 von
665 939 715 994 der
738 937 839 1008 Speiso
864 937 983 1004 Christi,
1016 953 1050 994 su
1075 938 1183 1010 sprioht
1201 937 1335 1010 fulgendo
1353 939 1447 996 Stelle

139 1045 207 1084 vom
225 1027 336 1084 Tranlre
354 1027 509 1084 desselben.
543 1026 677 1084 Dominus
702 1029 800 1080 noster
824 1023 947 1078 nubilum
972 1025 1065 1080 earnis
1089 1031 1196 1082 nostru
1215 1027 1347 1098 dignutus
1365 1043 1446 1082 essu·

139 1132 216 1170 mere
240 1115 354 1170 imbrem
378 1115 468 1170 suncti
492 1113 636 1186 evangelii
653 1111 815 1184 largissime
833 1109 949 1179 infudit,
981 1112 1147 1182 promittens
1166 1129 1291 1184 quoque,
1323 1113 1444 1184 quodsi

140 1203 202 1274 quis
232 1202 334 1257 biberit
357 1203 392 1258 de
418 1218 492 1274 aque
516 1203 594 1274 ejus,
626 1199 717 1258 rediet
741 1199 778 1256 ed
801 1198 879 1253 illum
904 1197 1030 1254 intimum
1048 1196 1154 1257 iontem
1173 1199 1252 1270 (Joh.
1271 1203 1297 1270 1,
1316 1204 1380 1272 11),
1413 1207 1446 1258 ut

137 1288 295 1346 forinsecus
313 1305 369 1345 non
387 1295 495 1360 quaerut
512 1288 643 1360 pluviam
678 1289 808 1357 Aupuettu.
826 1285 855 1340 in
873 1301 967 1358 genes.
984 1287 1010 1354 2,
1028 1287 1053 1340 3.
1086 1285 1151 1358 Vgl.
1170 1287 1222 1342 Νο.
1240 1290 1289 1356 ut,
1318 1289 1444 1344 11-19.

227 1378 259 1432 V.
278 1379 312 1431 11
330 1373 378 1448 lig.
405 1376 566 1433 tcorinth.
586 1375 616 1444 Β,
641 1377 665 1429 9.
701 1374 828 1430 Christus
856 1373 884 1427 iu
912 1387 1035 1445 paupere
1054 1379 1138 1444 atque
1157 1375 1292 1445 despecto
1315 1375 1446 1431 muudum

138 1466 265 1522 redemit.
292 1465 455 1520 Ambrosio
473 1463 573 1534 psalm.
591 1463 649 1518 113.
667 1464 684 1530 8
701 1463 743 1517 31.

227 1553 260 1606 V.
273 1555 315 1608 13.
333 1553 509 1623 pauperibus.
523 1550 646 1628 Χριστὸς
659 1549 812 1626 προσέλαβε
825 1549 856 1605 τὸ
866 1557 967 1626 χεῖρον,
982 1552 1024 1606 ἵνα
1039 1549 1079 1606 dei
1089 1550 1119 1606 τὸ
1133 1552 1251 1624 βέλτιον·
1266 1550 1445 1622 ἐπτώχευσεν,

140 1639 173 1693 ί’ν’
187 1634 264 1711 ἡμεῖς
275 1638 308 1712 τῇ
321 1641 422 1696 ἐκείνου
436 1645 557 1710 πτωχείᾳ
576 1637 785 1711 πλουτήσωμεν·
805 1634 907 1694 δούλου
914 1635 1025 1716 μορφὴν
1037 1640 1139 1714 ίλαβεν,
1158 1641 1201 1695 ina
1219 1639 1266 1710 τὴν
1283 1639 1447 1717 ἐλευθερίαν

139 1720 218 1797 ἡμεῖς
236 1724 430 1802 ἀπολάβωμεν·
449 1725 599 1806 κατῆλθεν,
617 1723 649 1782 ἵν’
667 1722 842 1798 άψωθῶμεν·
861 1722 1029 1798 ε’πειράσθη,
1044 1727 1087 1781 ἵνα
1106 1725 1271 1800 νικήσωμεν·
1291 1725 1445 1800 ἠτιμάσθη,

137 1813 182 1868 λ’νοι
201 1811 318 1886 δοξάσῃ·
340 1811 495 1878 ἀπέθανεν,
514 1815 557 1868 λ’νοι
576 1812 670 1887 σώσῃ·
697 1810 829 1882 α’νῆλθεν,
846 1811 878 1866 ἵν’
897 1809 994 1884 ἑλκύσῃ
1012 1811 1083 1887 πρὸς
1101 1812 1198 1870 ἑαυτὸν
1215 1812 1287 1870 κάτω
1306 1818 1446 1888 κειμένους

135 1901 166 1956 ἐν
184 1899 222 1972 τῷ
239 1899 288 1972 τῆς
307 1897 443 1977 ἁμαρτίας
460 1901 594 1976 πτώματι.
627 1903 736 1972 θείμεν.
754 1901 819 1958 Nuz.
837 1917 877 1957 or.
897 1903 938 1956 11.
957 1918 982 1972 p.
1001 1903 1061 1956 671.

228 1988 260 2042 V.
278 1991 320 2043 53.
349 1989 466 2060 Semper
485 1990 565 2044 dives
583 1994 628 2044 est
646 1989 801 2044 christiana
814 1993 980 2059 paupertas,
1005 1988 1071 2058 quia
1090 1987 1154 2058 plus
1174 1993 1231 2056 est,
1257 1991 1333 2058 quod
1350 1991 1446 2062 hehet,

136 2091 220 2146 quam
239 2076 314 2146 quod
332 2093 389 2132 nou
406 2077 500 2132 habet.
534 2078 611 2132 Leon.
630 2093 662 2132 κι
681 2091 762 2134 serm
779 2078 823 2144 tu,
840 2079 865 2130 2.

227 2164 258 2217 V.
278 2165 321 2218 ot.
349 2165 415 2234 quia
432 2181 483 2235 per
501 2166 662 2236 superbiam
680 2167 764 2220 homo
782 2164 880 2234 lapsus
898 2169 949 2232 est,
969 2165 1098 2221 Christus
1117 2165 1300 2220 humilitatem
1318 2165 1446 2220 adhibuit

137 2251 175 2306 ad
193 2252 353 2306 sanandum.
388 2254 492 2323 lupuit.
512 2253 601 2310 (lootn¹
620 2252 715 2308 christ.
736 2251 881 2322 1‚13.·1n
899 2251 1065 2322 explicando
1084 2259 1113 2308 et
1131 2252 1266 2320 dicendo,
1285 2259 1316 2308 ut
1334 2269 1447 2324 quoque

137 2339 222 2394 modo
240 2338 425 2395 humilitatem
442 2341 549 2397 christi
565 2340 758 2411 loqueremur,
777 2355 834 2394 non
851 2335 1020 2406 sufficimus,
1038 2340 1121 2393 immo
1140 2337 1289 2393 deficimus.
1325 2341 1398 2394 Idem
1416 2339 1447 2395 iu

135 2441 239 2496 evang.
257 2427 320 2482 doh.
338 2419 364 2495 3,
384 2431 425 2481 15.
1163 2419 1166 2428 ’

225 2513 258 2566 V.
277 2517 318 2567 76.
344 2514 391 2583 qui
410 2519 455 2568 est
473 2513 574 2580 omnia,
593 2513 654 2565 hier
672 2509 745 2566 fehlt
762 2512 817 2580 sthi,
836 2511 960 2564 welches
979 2511 1049 2566 aber
1067 2512 1143 2565 nicht
1160 2512 1189 2566 in
1207 2513 1260 2565 den
1277 2511 1351 2566 Vere
1368 2513 1446 2583 geht.

135 2599 175 2656 Es
194 2600 251 2653 soll
269 2600 391 2654 niimlieh
410 2601 460 2654 der
478 2600 636 2670 (iugensatn
654 2598 796 2657 zwiseheu
814 2599 877 2652 dem
894 2599 1059 2654 Reiehthum
1071 2599 1169 2655 (letter
1189 2599 1245 2654 und
1262 2599 1313 2654 der
1326 2602 1445 2656 Armuth

135 2687 245 2743 Christi
267 2687 506 2758 hervorgehobeu
529 2687 650 2742 werden.
686 2684 743 2742 Der
767 2686 931 2742 Reiehthum
956 2685 1055 2742 Gottes
1080 2687 1153 2742 wird
1176 2685 1339 2758 gewdnlieh
1356 2688 1447 2744 dureh

133 2775 192 2829 den
210 2774 277 2830 Satn
296 2774 498 2845 ausgedriickt:
518 2791 550 2828 er
568 2774 686 2828 brauoht
704 2773 802 2841 niehts‚
822 2773 889 2826 weil
907 2789 938 2827 er
957 2773 1123 2848 sichselbst
1140 2774 1220 2829 Alles
1239 2773 1281 2828 ist.
1316 2777 1399 2832 Hilor.
1414 2777 1444 2832 iu

133 2863 268 2934 psalm2
298 2879 320 2918 o.
345 2865 384 2918 11.
422 2863 489 2917 deus
508 2863 586 2918 nullo
605 2861 721 2935 indiget.
754 2864 830 2918 Clem.
850 2864 925 2918 Alex.
944 2863 1053 2934 paedag.
1077 2866 1145 2932 3,1.
1182 2860 1307 2936 ἀνενδεὴς
1324 2857 1444 2935 μόνοςὸ

136 2949 216 3013 θεός.

226 3038 258 3093 V.
277 3040 318 3093 81.
346 3041 475 3110 Aepuettu.
500 3039 530 3092 in
554 3055 652 3110 evang.
677 3039 740 3094 Joh
760 3042 784 3106 1,
808 3041 832 3091 ’1,
857 3037 933 3104 §lt
967 3039 1092 3094 dominus
1116 3040 1218 3094 idiotas
1238 3039 1339 3110 elegit,
1365 3039 1440 3094 unde

138 3125 324 3194 confunderet
346 3128 482 3182 mundum.
516 3128 592 3182 δίεπε.
617 3129 691 3182 Alex.
716 3131 812 3182 strom.
831 3130 856 3194 1,
874 3128 898 3180 6.
926 3130 970 3180 καὶ
990 3123 1052 3182 άνευ
1069 3125 1239 3202 γραμμάτων
1257 3123 1354 3180 πιστὸν
1372 3128 1443 3180 εἰναι

137 3213 253 3270 δυνατὸν
272 3218 368 3286 φαμέν.
392 3215 465 3269 Idem
484 3219 579 3270 strom.
598 3217 622 3283 1,
642 3217 664 3268 1.
683 3213 716 3268 τά
737 3212 885 3290 άπάρῤητα,
904 3211 1035 3289 καθάπερ
1054 3211 1069 3269 ὁ
1088 3214 1165 3280 θεὸς,
1185 3212 1257 3285 λόγῳ
1276 3209 1442 3279 πιστεύεται,

134 3301 171 3358 οὐ
194 3301 342 3378 γράμματι.
387 3303 545 3374 Deswegen
568 3308 636 3374 sngt
659 3305 763 3373 Auqust.
791 3302 870 3372 epist.
896 3303 961 3370 138,
987 3305 1027 3354 15.
1058 3301 1213 3357 intellectui
1239 3298 1309 3356 fides
1336 3301 1444 3356 aditum

134 3391 243 3462 aperit,
262 3387 413 3446 infidelitas
432 3389 544 3446 claudit.

365 3760 424 3834 54.
460 3761 517 3831 De
545 3763 723 3832 nativitate
752 3758 884 3832 Christi
913 3771 946 3831 et
972 3762 1204 3830 innocentum.

816 3962 1063 4047 Applaudamus
1086 3961 1195 4042 pueris
1299 4031 1305 4046 ι

817 4077 850 4132 et
872 4085 931 4131 nos
954 4066 1061 4149 pueri,

803 4169 904 4251 ‚quod
926 4170 1072 4232 incentor
1095 4167 1228 4232 sceleris
1305 4165 1306 4168 ’

816 4272 909 4334 frena
931 4272 1045 4334 laxans
1068 4269 1184 4334 sceleri

138 3997 346 4063 Gratulentur
368 3997 496 4079 parvuli

135 4111 213 4176 nato
236 4121 316 4183 rege
339 4099 491 4184 parvule,

134 4204 242 4270 faetor
266 4205 350 4268 enim
373 4203 485 4267 seeouli

134 4309 242 4373 faetus
265 4317 315 4374 est
337 4310 370 4372 iu
393 4307 528 4372 saeoulo:

134 4417 200 4499 ipsi
222 4423 337 4480 sonent
359 4415 495 4498 moduli,

136 4539 218 4602 quos
235 4538 303 4603 ,pro
326 4526 438 4583 nostro
461 4516 590 4582 modulo

135 4623 338 4690 modulemur
358 4621 461 4687 seduli
817 4617 959 4696 Quorum
981 4626 1083 4682 morte
1107 4617 1209 4680 doluit

134 4745 236 4812 uene,
260 4725 359 4793 eorde
382 4724 505 4793 sedulo.
816 4721 958 4804 Ruehel,
977 4721 1048 4806 jam
1070 4738 1135 4787 non
1158 4717 1282 4799 doleat,

744 4415 762 4474 5
816 4377 868 4440 leo
891 4384 1045 4458 sugentes
1067 4376 1176 4439 uberis

816 4487 953 4543 matrum
974 4487 1087 4562 raptus
1108 4477 1237 4543 funeris.
