3282 5370
180 253 249 321 '124

266 436 343 490 isio
361 436 447 490 etiam
463 444 525 488 ven.
544 433 591 488 Hs.
627 431 747 486 Setiam
764 427 843 486 fehlt
880 430 915 483 1⁰
932 426 964 484 fit
982 430 1030 488 lls.
1065 432 1099 484 12
1118 435 1282 486 enumerata
1300 431 1346 486 Hs.
1385 432 1419 486 16
1436 433 1487 504 qui

177 523 249 580 dixit
266 524 313 580 Hs.
350 523 503 578 ruthena
521 520 637 576 isthier
656 519 821 592 dreisylbig.
858 519 892 573 1c
910 534 999 590 genus
1019 521 1063 572 est
1080 517 1127 574 Hs
1163 519 1198 572 26
1217 515 1289 574 fehlt
1309 519 1371 574 eine
1385 519 1485 592 Sylbe.

178 614 216 668 33
231 613 294 684 jam
310 608 384 666 fehlt
400 610 447 664 lls.
495 611 530 664 35
548 614 632 678 atque
650 605 722 664 fehlt
738 607 787 663 Hs.
828 608 864 662 39
883 606 1105 677 reprobraverat
1127 607 1174 662 lls.
1218 607 1254 661 ld)
1271 607 1414 662 dextrinus
1438 608 1489 664 ils.

178 701 215 754 42
232 699 331 755 besser
348 697 499 770 pertulisti
533 698 568 752 45
587 701 616 752 et
634 692 707 752 fehlt
724 695 772 752 nn

605 953 615 1052 s
656 979 742 1074 Υ98.
771 980 822 1052 ad
843 1002 982 1050 nonam.
1015 961 1020 972 ’

182 1165 238 1236 Ad
260 1187 391 1251 nonam,
416 1185 501 1252 ,ego
524 1164 631 1251 sitio“,
724 1179 726 1186 '
861 1165 956 1250 ,Hm
975 1174 1074 1250 pater
1096 1165 1329 1248 amantissime,

225 1271 370 1336 clamasti
384 1270 497 1335 -Jhesu
519 1273 621 1354 bone,
720 1317 722 1324 >
802 1307 807 1314 ·
905 1269 1044 1352 dimitte,
1069 1257 1125 1352 qui
1146 1289 1198 1332 me
1220 1270 1357 1354 plagunt

181 1391 251 1456 prae
273 1373 369 1436 nimio
393 1371 565 1454 supplicio,
861 1379 895 1437 et
917 1373 1062 1438 cruciant
1084 1372 1291 1455 gravissime,

225 1494 299 1540 cum
322 1492 412 1538 esses
436 1475 469 1536 in
492 1481 608 1555 egone.
903 1495 976 1541 cum
999 1476 1159 1558 nesciant,
1184 1469 1392 1560 quidag'ant.
1444 1479 1488 1544 20

181 1637 271 1704 Gens
293 1637 380 1701 mala
401 1637 460 1702 tibi
482 1637 593 1701 tribuit
787 1639 807 1700 5
860 1637 915 1704 Me
939 1645 1027 1702 tuum
1051 1657 1151 1720 quare
1175 1637 1274 1702 filium

224 1750 340 1827 potare
362 1741 408 1804 fel
430 1736 578 1805 amarum·
746 1763 750 1778 ·
904 1742 1037 1826 liquisti,
1060 1743 1142 1825 heli,
1165 1729 1247 1826 heli,

182 1865 244 1928 per
268 1845 453 1928 spongiam,
477 1845 535 1907 sed
557 1844 648 1909 libuit
859 1846 924 1909 hoc
937 1845 1048 1909 mortis
1067 1853 1118 1910 est
1138 1846 1278 1929 exilium,

226 1949 289 2014 hoc
310 1950 423 2015 bibere
445 1957 478 2014 te
500 1969 622 2032 parum.
649 2005 651 2012 .
800 1997 804 2003 .
903 1948 1080 2032 plasmator
1104 1949 1187 2012 alme
1212 1949 1294 2012 coeli.

180 2109 343 2192 Dicendo,
368 2117 639 2204 ,consummatum
662 2117 721 2193 est,
860 2111 911 2177 En
933 2113 1054 2176 morior
1075 2130 1136 2196 pro
1160 2113 1288 2177 homine
1447 2116 1490 2179 25

227 2214 268 2278 de
289 2215 443 2297 passione
465 2235 551 2296 mea,
579 2205 582 2214 ’
768 2215 808 2279 10
901 2216 946 2281 de
968 2225 1071 2280 morte
1093 2217 1301 2302 redimendc,

184 2319 272 2401 quod
294 2326 369 2383 ante
391 2320 620 2404 prophetatum
643 2325 693 2383 est
860 2321 893 2383 in
916 2339 1028 2384 manus
1051 2327 1124 2384 tuas
1143 2321 1271 2386 domine

225 2442 286 2505 per
308 2430 401 2486 vates
423 2424 457 2488 in
479 2418 627 2488 Judaea.“
905 2425 1051 2507 spiritum
1070 2423 1356 2494 commendando;“

183 2583 267 2652 Hinc
289 2587 352 2650 tuis
373 2606 435 2671 pro
457 2591 633 2655 tortoribus
687 2587 690 2592 ’
862 2587 919 2654 Sic
940 2592 1045 2672 poenis
1067 2583 1100 2655 iri
1123 2583 1336 2676 gravissimus

226 2698 353 2772 patrem
376 2693 568 2774 exoravisti,
624 2729 625 2732 =
809 2715 812 2724 ·
904 2702 940 2758 tu
961 2695 1106 2776 pendens
1130 2698 1301 2761 clamitasti
1446 2701 1489 2766 30

183 2810 244 2875 pro
266 2794 329 2856 tuis
352 2793 549 2860 derisoribus
728 2797 808 2858 215
862 2797 1007 2862 altisonis
1031 2819 1102 2863 cum
1124 2803 1275 2884 vocibuS,

228 2915 299 2961 cum
321 2897 461 2972 lacrimis
484 2899 612 2962 dixisti:
905 2922 1002 2984 quum
1024 2905 1315 2998 vitam'pexhalasti.

267 3090 284 3140 2
304 3086 455 3142 clamitasti
471 3045 517 3140 ils
553 3063 588 3139 30
606 3089 637 3140 tu
654 3080 726 3139 fehlt
743 3083 790 3140 Hs.

624 3401 626 3406 ’
655 3371 715 3444 99.
746 3373 802 3470 ad,
816 3371 1008 3470 vesperum.

185 3555 242 3626 Ad
264 3575 437 3640 vesperam
461 3563 606 3620 aromata
750 3547 766 3570 ”
864 3569 897 3626 et
919 3569 1006 3624 tuum
1028 3561 1282 3648 impetraverant

228 3661 279 3725 vir
301 3661 428 3744 Jcscph
452 3661 514 3726 deo
539 3680 634 3727 carus
705 3737 707 3742 ¹
908 3657 1133 3747 corpusculum
1155 3667 1294 3730 beatum.
1396 3683 1398 3687 ’

184 3773 220 3832 et
242 3765 451 3847 NicodemuS,
475 3767 655 3848 grammata

191 3915 193 3919 ,
232 3872 285 3953 qui
307 3873 398 3936 mvi,
419 3872 502 3953 pegi,
526 3891 661 3954 gnarus,
804 3883 807 3894 ·
864 3839 945 3910 Cum
968 3845 1082 3954 quitus
1105 3845 1295 3909 secundarie

908 3956 1049 4012 tortores
1073 3949 1221 4012 abierunt

188 4053 425 4136 Discipulorum
447 4052 573 4116 nomine
792 4053 811 4115 5
865 4060 898 4116 et
921 4052 963 4116 ad
985 4053 1091 4116 locum
1115 4051 1276 4120 Calvariae
1451 4057 1492 4142 15

231 4160 359 4244 private
383 4176 418 4222 se
441 4165 594 4240 gerentes
758 4235 760 4239 Ι
907 4164 941 4220 te
963 4164 1123 4221 mortuum
1143 4156 1303 4222 viderunt.

187 4267 319 4347 tibique,
345 4261 472 4326 Christe
496 4263 638 4344 domine,

232 4369 358 4432 sincere
381 4365 608 4444 condolentes,
865 4345 1072 4429 Quapwpter
1095 4367 1178 4451 grex
1201 4347 1387 4414 carnificum
1480 4341 1484 4348 ’

910 4467 947 4513 os
970 4451 1028 4515 tibi
1050 4468 1114 4514 non
1138 4451 1313 4536 confregit,

187 4553 357 4626 Audacter
379 4564 455 4620 tunc
476 4556 678 4622 intraverant
860 4550 1033 4635 'Longinus
1057 4553 1116 4618 scd
1139 4553 1288 4621 deificum
1484 4603 1489 4610 -

233 4659 276 4727 ad
293 4659 437 4745 judicem
459 4656 597 4730 Pilatum
772 4654 814 4724 10
910 4665 998 4728 tuum
1019 4658 1104 4728 latus
1125 4659 1261 4744 impegit
1450 4665 1497 4730 20
