3316 5358
325 504 358 560 V.
377 505 501 559 13-16.
525 501 711 578 καθαρθῆναι
741 507 786 560 καὶ
813 503 904 577 φωνὴν
925 508 970 560 καὶ
988 502 1112 563 διανόιαν
1139 499 1232 580 ὥσπερ
1250 506 1277 560 οἱ
1295 512 1353 568 τοῖς
1368 505 1454 582 ἱεροῖς
1472 523 1544 581 προ-

237 572 350 638 σιόντες.
381 575 490 644 Grepor.
508 575 573 630 Naz.
592 580 663 630 erat.
681 577 717 630 2⁰
734 592 761 646 p.
778 577 839 630 317.

324 661 358 718 V.
377 663 500 716 17-20.
526 661 588 716 Nisi
610 661 703 716 mnndi
726 662 812 736 hujus
835 657 899 716 finis
925 661 1085 730 advenerit,
1119 662 1267 716 humanum
1291 677 1381 733 genus
1406 678 1425 717 a
1442 678 1543 720 somne

236 751 335 806 mortis
354 750 494 805 advitam
512 765 568 804 non
586 747 741 820 evigilabit.
777 748 887 818 (ἕτερον.
900 748 935 802 Μ.
953 747 1052 803 moral.
1071 749 1114 816 12,
1134 749 1175 802 12.

237 877 244 898 .
323 837 355 892 V.
373 839 416 890 21.
440 836 594 891 Bebemotb
612 835 641 891 in
659 834 772 908 frigidis
790 836 928 892 mentibus
947 851 1062 890 securus
1077 839 1166 908 jacet,
1186 835 1308 890 dormire
1326 836 1400 892 enim
1418 838 1448 892 in
1462 853 1544 893 sane-
1648 879 1649 900 1

236 929 330 982 torum
348 923 486 980 mentibus
504 939 562 978 nen
578 929 682 994 petest.
718 924 828 994 Grepor.
845 925 880 978 Μ.
898 923 998 980 moral
1017 925 1061 994 33,
1080 923 1105 977 6.

324 1013 356 1067 V.
374 1016 417 1067 27.
444 1009 555 1083 φθόνος
572 1010 622 1068 τοῦ
639 1008 827 1090 pontonium.
847 1012 969 1068 Triodion
986 1010 1021 1082 X,
1040 1013 1064 1066 5.
1083 1010 1111 1068 S.
1136 1010 1188 1067 No.
1207 1013 1269 1081 272,
1290 1012 1332 1066 ld.

657 1301 744 1375 282.
772 1297 942 1373 sabbato.
969 1297 1129 1398 hymnus.

237 1500 265 1567 0
288 1509 409 1585 quanta
431 1503 539 1585 qualia

237 1614 312 1671 sunt
333 1607 390 1672 illa
413 1609 568 1690 sabbata,

238 1729 312 1792 quae
334 1729 464 1795 semper
482 1712 628 1777 eelebrut

237 1831 380 1896 superna
403 1817 507 1899 ouria,

239 1935 313 1998 quae
335 1919 430 1982 fessis
454 1921 602 2004 requies,
846 1915 865 1978 5

239 2038 313 2102 quae
335 2039 461 2086 merces
484 2023 639 2105 fortibus,

239 2141 310 2188 eum
334 2124 396 2188 erit
419 2125 526 2189 omnia

240 2226 320 2292 deus
344 2229 378 2292 in
401 2229 563 2294 omnibus!

238 2390 316 2470 Quis
340 2414 414 2476 rex,
438 2412 511 2474 quae
535 2391 640 2475 ouria,

239 2496 334 2577 quale
357 2496 528 2579 palatium,

238 2617 312 2680 quae
335 2620 415 2682 pax,
442 2619 514 2681 quae
537 2600 682 2682 requies,

238 2702 325 2784 quod
347 2701 427 2766 iilud
449 2702 630 2784 gaudium?

237 2803 334 2888 hujus
356 2807 533 2890 participes

238 2917 403 2991 exponant
426 2910 557 2992 gloriae,

237 3011 280 3094 si,
304 3019 456 3094 quantum
480 3014 636 3106 sentiunt,

237 3117 363 3198 possint
388 3118 579 3201 exprimere.

237 3275 326 3341 Vere
349 3276 532 3344 Jerusalem

238 3385 289 3441 est
310 3379 366 3442 illa
390 3381 520 3463 civitas,

238 3483 331 3568 cujus
354 3506 421 3568 pax
440 3485 531 3568 jugis
556 3495 606 3550 est

238 3607 360 3652 summa
378 3589 582 3674 jocunditas,
632 3583 639 3588 ’

236 3693 292 3757 ubi
314 3711 378 3756 non
400 3695 562 3776 praevenit

236 3816 306 3858 rem
328 3795 538 3880 desiderium,

237 3919 300 3964 neo
322 3900 485 3966 desiderio

236 4005 340 4068 minus
365 4013 416 4069 est
437 4007 612 4090 praemium.
784 4039 787 4044 ·

236 4167 286 4234 Ibi
307 4170 465 4234 molestiis

235 4272 333 4338 finitis
357 4276 502 4339 omnibus

237 4378 343 4441 securi
367 4379 494 4442 cantica

236 4475 317 4542 Sion
341 4480 556 4562 cantabimuS,

918 1508 952 1566 et
969 1501 1070 1585 juges
1093 1501 1217 1584 gratias

918 1609 959 1674 de
982 1610 1076 1675 denis
1100 1610 1219 1692 gratim

917 1716 1016 1780 beata
1038 1714 1161 1778 referet

917 1819 1013 1903 plebs
1035 1819 1106 1900 tibi,
1131 1817 1268 1882 domine.

917 1979 988 2048 Iilie
1009 1999 1071 2046 nee
1093 1981 1231 2046 sabbato

918 2084 1064 2150 succedit
1086 2088 1263 2168 sabbatum,

917 2206 1038 2271 perpes
1061 2185 1174 2252 laetitia

918 2289 1203 2370 sabbatizantium,

917 2411 979 2456 nee
1001 2391 1182 2458 ineffabiles

919 2498 1092 2560 cessabunt
1110 2492 1222 2579 jubili,

918 2613 999 2682 quos
1022 2599 1064 2664 de
1087 2602 1287 2667 cantabimus

918 2709 952 2765 et
975 2720 1034 2765 nos
1059 2711 1092 2767 et
1114 2705 1232 2786 angeli.

917 2863 1070 2930 Nostrum
1093 2867 1293 2932 est‘interim

917 2974 1041 3028 mentes
1065 2968 1193 3049 erigere

918 3077 952 3134 et
974 3072 1049 3136 tutis
1072 3073 1211 3155 patriam

917 3175 1003 3240 votis
1026 3184 1202 3260 appetere,

918 3285 952 3341 et
975 3278 1017 3342 ad
1039 3279 1222 3344 Jerusalem

919 3401 939 3444 a
961 3379 1144 3463 Babylonia

918 3492 994 3568 post
1016 3485 1116 3568 longa
1139 3485 1271 3568 regredi
1299 3563 1301 3570 y

859 3671 870 3683 a
917 3587 1048 3653 tandem
1072 3585 1177 3652 exilia.

916 3753 1057 3818 Perenni
1080 3751 1209 3816 domino

796 3921 799 3926 Δ
916 3877 1039 3946 perpes
1063 3853 1103 3920 sit
1116 3858 1248 3941 gloria,
1504 3857 1547 3922 50

826 3957 1457 4045 [mwmwwm,

916 4065 950 4128 in
973 4083 1036 4147 quo
1059 4073 1133 4130 sunt
1152 4065 1272 4147 omnia3

917 4187 1046 4250 exque
1070 4175 1158 4251 sunt,
1182 4176 1277 4252 pater
1299 4175 1365 4250 est,

916 4293 977 4356 per
1001 4293 1096 4355 quern
1118 4281 1209 4356 sunt,
1232 4273 1334 4357 filius,

916 4377 950 4450 in
974 4396 1037 4459 quo
1061 4386 1135 4442 sunt
1157 4380 1260 4462 patris
1284 4387 1317 4444 et
1505 4379 1545 4444 55

917 4479 975 4544 filii
997 4482 1138 4565 spiritus.

323 4646 371 4702 Hs.
399 4663 434 4701 nu
458 4647 487 4702 S.
505 4647 605 4704 Gallen
630 4647 684 4706 No.
702 4650 762 4707 ⁵28.
789 4648 887 4708 less.
912 4652 947 4708 14
965 4652 1063 4709 Jahrb
1101 4651 1159 4711 ller
1176 4653 1365 4725 Bebandlung
1387 4652 1462 4710 nach
1487 4665 1543 4709 von

235 4730 327 4787 einem
344 4733 557 4792 franndsiseben
574 4737 698 4794 Dichter.
1648 4729 1649 4754 ¹
