3324 5358
210 303 277 368 844

210 506 308 588 Jesn,
330 502 406 567 vide
428 523 480 567 me
503 477 700 586 gementem,

211 609 335 674 vultum
358 613 446 670 tuum
469 605 702 689 requirentem,

256 725 320 791 quo
342 706 421 770 nihil
444 713 495 770 est
516 704 656 770 dulcius:

212 819 341 878 noctem
362 811 442 892 luga
464 811 688 890 tenebrarum,

212 916 246 980 in
268 915 331 980 hac
352 915 440 978 valle
462 913 667 978 lacrimarum

255 1018 333 1084 mihi
357 1018 402 1082 sis
424 1016 594 1100 propitius.

213 1229 311 1314 desn,
334 1231 440 1296 factor
463 1229 666 1308 saeculorum,

214 1335 269 1418 qui
290 1333 445 1418 populum
467 1331 680 1396 Hebraeorum

223 1507 225 1514 .
256 1439 392 1504 salvasti
414 1439 457 1502 ab
479 1433 673 1518 Aegyptiis:

214 1541 333 1607 munda
355 1561 407 1606 me
429 1548 463 1604 et
484 1538 680 1618 mundabor,

215 1645 309 1710 salva
330 1664 381 1708 me
404 1649 437 1706 et
459 1642 614 1706 salvabor

258 1751 300 1814 ab
323 1747 462 1811 hostium
485 1743 619 1808 insidiis.

214 1965 297 2032 Jesu
319 1963 465 2046 Christe,
488 1983 548 2026 rex
571 1961 697 2042 suavis,

214 2067 384 2150 Emanneh
407 2066 513 2133 David
538 2066 655 2147 clavis,

260 2172 314 2254 qui
337 2170 461 2236 claudis
484 2177 517 2234 et
541 2169 666 2253 aperis,

214 2275 269 2359 qui
290 2275 448 2338 neminem
470 2273 520 2336 vis
542 2272 667 2356 perire,

213 2398 265 2444 me
289 2377 433 2460 digneris
457 2375 621 2442 custodire

256 2483 329 2547 luce
353 2481 399 2546 tui
425 2479 577 2544 muneris.

212 2694 357 2762 Verbum
381 2693 435 2758 dei
459 2693 615 2775 salutare,

211 2801 294 2868 Jesu
312 2799 452 2882 Christe,
474 2815 665 2880 memorare,

256 2923 329 2986 quae
353 2923 426 2968 mea
449 2902 643 2984 substantia,

211 3006 348 3091 purifica
373 3015 512 3070 mentem
534 3026 655 3088 meam,

211 3117 266 3199 qui
288 3116 423 3180 salvasti
447 3114 644 3181 Cananaeam

254 3221 385 3305 pietatis
410 3221 525 3302 gratia.

213 3433 261 3499 Tn
285 3435 339 3517 qui
361 3441 459 3500 terrae
483 3435 658 3499 dominaris

212 3545 246 3601 et
266 3537 394 3619 mitigas
418 3535 534 3602 fluctus
557 3537 665 3620 maris,

254 3639 350 3724 Jesu,
376 3648 489 3705 nostra
513 3642 632 3724 gloria,

210 3745 313 3810 redde
335 3746 413 3809 mihi
436 3748 634 3830 castitatem,

211 3849 319 3914 cordis
341 3851 420 3934 luga
444 3854 638 3935 caecitatem,

254 3955 372 4020 munda
394 3957 468 4022 labe
490 3958 586 4023 labia.

207 4167 304 4253 desu,
327 4179 422 4256 pater
446 4173 682 4257 orphanorum,

208 4276 395 4340 consolator
418 4275 627 4360 afflictorum,

235 4397 429 4462 ⁴pauperum
454 4377 617 4464 defensio,

205 4499 257 4544 me
281 4480 322 4542 de
346 4478 426 4543 Sion
450 4487 594 4566 tueatur,

205 4584 305 4648 vitam
329 4587 407 4650 mihi
429 4588 589 4673 largiatur

249 4693 304 4751 tua
326 4689 500 4776 miseratio.
522 4771 525 4776 Ι

797 607 838 669 50

891 502 973 568 Jesu
997 497 1142 585 Christe,
1164 493 1226 567 rex
1248 501 1417 585 celorum,
1475 501 1519 567 85
1640 392 1643 548 1

892 621 985 668 omne
1008 603 1126 668 malum
1151 603 1302 668 vitiorum

934 708 1020 772 intra
1042 727 1093 772 me
1116 707 1290 790 mortifica,

893 820 926 877 et
947 829 1009 895 pro
1032 819 1089 877 tna
1110 813 1233 895 pietate

891 916 926 980 in
948 916 1101 980 virtutum
1125 917 1273 981 claritate

936 1035 1121 1084 cormeum
1143 1017 1282 1083 vivifica.
1477 1020 1522 1085 90
1644 1031 1645 1040 ’

892 1229 975 1300 Jesu
997 1229 1143 1313 Christe,
1165 1250 1233 1315 pax
1252 1238 1387 1314 aeterna,

893 1354 982 1400 mara
1005 1351 1125 1416 regens
1148 1341 1181 1398 et
1204 1353 1346 1417 superna

937 1437 1092 1502 cmlcrum
1113 1437 1250 1520 palatia,

892 1561 954 1626 per
976 1548 1010 1604 te
1034 1559 1163 1623 semper
1188 1540 1248 1602 sim
1271 1557 1419 1622 securus,

893 1664 935 1708 ne
961 1663 1013 1707 me
1038 1642 1138 1706 laedat
1160 1641 1263 1706 hostis
1287 1640 1386 1706 durus
1479 1643 1522 1706 95
1647 1669 1648 1678 ¹

938 1757 972 1812 et
995 1747 1067 1830 ejus
1090 1746 1229 1810 fallacia.

894 1965 991 2047 desu,
1015 1963 1087 2028 caeli
1109 1959 1331 2045 pulchritudo,

895 2080 967 2138 esto
989 2091 1062 2135 mea
1084 2068 1255 2151 fortitudo,

939 2177 1027 2242 salus
1052 2183 1085 2247 et
1106 2175 1284 2259 proteotio;

894 2289 930 2348 tu
952 2282 1006 2364 qui
1028 2280 1146 2344 fortem
1169 2277 1326 2361 alligasti,
1457 2275 1521 2340 100

821 2407 823 2410 ’
895 2384 949 2466 qni
970 2383 1122 2466 leprosos
1144 2388 1177 2444 at
1200 2379 1324 2445 sanasti

792 4277 847 4356 80Ι

937 2510 958 2555 a
979 2475 1265 2573 leprae'contagic.

847 2777 849 2781 ,
893 2704 990 2788 desa,
1014 2703 1390 2786 menmfirmamentum,

894 2817 966 2873 esto
992 2809 1069 2871 mihi
1091 2809 1332 2891 nutrimentum,

936 2919 972 2975 ut
999 2912 1125 2975 salvum
1148 2930 1200 2974 me
1223 2910 1341 2976 facias:
1458 2907 1521 2974 105

893 3022 926 3081 te
949 3016 1017 3081 scio
1041 3015 1162 3079 fontem
1184 3015 1308 3098 vivum,

892 3138 1015 3185 revoca
1037 3139 1087 3183 mc
1114 3119 1283 3202 fugitivum

838 3319 842 3326 ι
937 3222 980 3286 ad
1003 3222 1077 3288 coeli
1100 3221 1243 3286 delicias.

890 3437 1032 3521 Respice
1055 3457 1123 3518 me,
1147 3435 1230 3501 Jesu
1251 3436 1322 3519 pie,

893 3549 964 3607 esto
987 3541 1064 3604 mihi
1087 3541 1194 3608 lumen
1217 3539 1297 3620 viae,
1456 3539 1520 3604 110

936 3646 990 3727 qui
1012 3642 1162 3707 mundum
1184 3641 1360 3705 illuminas:

891 3743 967 3816 audi
988 3767 1120 3834 precem
1142 3747 1299 3829 tribulati,

891 3856 945 3938 qui
967 3855 1079 3919 oeulos
1104 3851 1185 3916 caeci
1207 3853 1287 3933 nati,

933 3956 1098 4041 tangendo
1121 3955 1291 4020 illuminas.

889 4171 993 4256 Audi,
1017 4171 1113 4255 Jesu,
1136 4189 1242 4236 meam
1266 4189 1408 4256 precem,
1455 4171 1519 4235 115
1646 4231 1652 4260 ,

889 4282 998 4351 cordis
1020 4283 1084 4345 mei
1106 4280 1225 4346 munda
1247 4282 1379 4364 faecem,

931 4405 1004 4449 mea
1026 4391 1120 4467 terge
1142 4385 1237 4467 vitia,

852 4525 856 4564 ;
889 4489 944 4572 qui
965 4489 1084 4552 latroni
1106 4487 1275 4553 confitenti
1387 4549 1388 4555 ,

824 4662 843 4667 ,Α
888 4600 923 4658 ct
945 4599 1091 4657 extremo
1114 4591 1283 4675 poenitenti
1503 4653 1506 4659 Α

810 4769 812 4774 ,
931 4695 1063 4763 donasti
1085 4696 1159 4767 omli
1182 4695 1312 4777 gaudia.
1455 4693 1519 4758 120
