3316 5358
200 511 394 583 Michahelis
415 509 539 592 inclyta

76 708 78 713 1
202 617 300 684 valde
322 617 416 698 festa,

202 751 267 820 Per
290 770 385 835 quem
407 743 596 814 laetabunda
738 743 778 809 10

202 861 398 941 perornatur
419 851 568 918 maehina

201 956 311 1024 mundi
335 962 412 1020 tota.

152 1147 182 1212 3.
204 1146 328 1212 Novies
352 1143 503 1208 distincta

206 1250 373 1333 spirituum
397 1252 471 1310 sunt
494 1243 640 1327 agmina,
752 1287 755 1294 .

206 1371 268 1436 per
290 1357 323 1414 te
346 1349 450 1430 facta3
739 1341 779 1403 15

206 1454 265 1520 sed
288 1472 360 1518 cum
382 1452 447 1532 vis,
471 1449 553 1513 facis
575 1445 649 1511 haec

207 1558 354 1624 flammea
377 1576 438 1640 per
461 1552 626 1636 angelicas

208 1659 364 1726 officinas.

157 1852 187 1919 0.
208 1848 297 1916 Inter
319 1845 476 1930 primaeua

205 1959 280 2018 sunt
293 1951 366 2014 haec
378 1968 452 2012 nam
467 1951 579 2012 creata
593 1950 658 2025 tua,
739 1941 781 2004 20

207 2073 278 2118 cum
302 2053 399 2111 simus
423 2065 483 2110 nos

206 2153 318 2219 ultima
336 2151 476 2230 factura,
500 2145 560 2210 sed
581 2147 692 2230 imago
716 2153 780 2209 tua.

208 2288 410 2370 Theologioa

208 2391 433 2474 categorizant
456 2387 605 2471 symbola

206 2496 301 2560 nobis
324 2494 397 2558 haec
418 2500 469 2556 ter
739 2493 781 2558 25

205 2598 368 2682 tripartita
389 2616 450 2680 per
472 2595 603 2680 privata
627 2594 751 2662 officia:

155 2793 185 2858 5.
208 2790 306 2856 Plebs
328 2787 494 2872 angelica,
577 2843 580 2848 .

206 2893 351 2976 phalanx
374 2899 407 2954 et
430 2889 675 2974 archangelica,

206 2995 395 3082 principans

209 3107 329 3180 turma,
352 3099 456 3162 virtus
478 3097 624 3180 uranica,
739 3099 780 3166 30
804 3177 806 3180 ¹

208 3222 248 3270 ac
269 3209 416 3287 potestas
438 3202 631 3286 almiphona.

207 3341 414 3408 Dominantia
433 3361 437 3368 ·

207 3445 353 3524 nomina,

208 3544 380 3630 divinaque
403 3545 586 3628 subsellia,

208 3647 375 3716 cherubim
397 3648 542 3714 aetherea
739 3651 780 3714 35

208 3771 248 3819 ao
270 3753 434 3838 seraphim
456 3754 626 3836 ignicoma.

154 3927 184 3990 0.
207 3922 286 4008 Vos,
310 3944 330 3990 o
353 3924 527 4009 Michahel‚
550 3924 624 3990 coeli
638 3932 781 4011 satrapa,

207 4026 403 4111 Gabrielque
426 4048 507 4093 vera

208 4132 289 4199 dans
311 4135 405 4201 verbi
428 4135 554 4218 nuntia,

1391 308 1458 376 055

883 493 1459 584 ΑιιιιιοΒιρΙιιιΙιιιΙνίιωιοιιιιιῙιι,10

884 603 1059 669 transferte
1082 620 1141 666 nos
1163 602 1249 667 inter

884 707 1128 796 paradisicolas.

833 877 862 939 7.
884 871 950 937 Per
972 891 1033 938 vos
1055 870 1158 956 patris
1182 879 1298 938 cuncta

885 978 1087 1064 complentur
1109 976 1274 1060 mandata,

887 1100 959 1163 quae
983 1080 1038 1146 dat
1302 1151 1305 1160 .
1415 1077 1456 1141 15

884 1199 1040 1286 Ejusdem
1062 1199 1178 1284 sophia

886 1322 1020 1387 compar
1043 1321 1170 1385 quoque
1193 1320 1351 1386 pneuma,

885 1425 950 1472 una
972 1423 1166 1488 permanens
1188 1405 1220 1468 in
1244 1401 1330 1482 usia,

887 1510 938 1575 oui
961 1511 1039 1574 estis
1062 1507 1317 1573 administrantia
1361 1579 1365 1586 ¹

887 1614 950 1679 deo
973 1614 1072 1678 millia
1334 1617 1356 1632 '⁴
1420 1609 1461 1676 50

887 1717 1018 1782 millium
1041 1735 1145 1782 sacra.

885 1823 1068 1919 Vicesper
1090 1837 1140 1901 bis
1163 1835 1278 1917 quinas

885 1941 935 2006 bis
959 1947 1055 2023 atque
1079 1941 1270 2024 quingentas

886 2052 998 2109 vestra

880 2170 1026 2240 Centena
1047 2175 1177 2239 millena
1417 2170 1458 2232 55

887 2277 1040 2340 assistunt
1061 2279 1094 2339 in
1118 2276 1206 2358 aula,

888 2378 931 2443 ad
953 2397 1048 2459 quam
1066 2399 1126 2444 rex
1146 2397 1241 2444 ovem
1255 2375 1463 2442 centesimam

886 2483 1066 2567 verbigena
1111 2483 1359 2564 drachmamque
1405 2479 1463 2542 de-

1227 2588 1342 2654 cimam

888 2681 1000 2738 vestra
1023 2672 1114 2738 duxit

888 2774 931 2840 ad
955 2776 1126 2858 agalmata.
1420 2776 1463 2840 60

779 2939 780 2942 ’
835 2940 865 3004 8.
888 2936 957 3004 Vos
980 2957 1041 3022 per
1062 2935 1181 3020 aethra,
1242 2927 1405 3016 *³1⁴5
1458 2951 1461 2964 ·

887 3060 947 3107 nos
971 3061 1032 3125 per
1053 3062 1131 3105 rura
1153 3041 1304 3124 terrea,·'7¹
1329 3060 1378 3122 ga

886 3165 964 3230 pars
989 3147 1113 3229 electa,
1135 3145 1313 3209 harmoniae

887 3256 967 3314 vota
989 3247 1101 3312 demus
1124 3246 1200 3311 hinc

886 3373 947 3436 per
969 3352 1091 3436 lyricas
1117 3349 1288 3436 cytharas,
1377 3351 1386 3368 ’
1420 3346 1461 3416 05

888 3471 958 3548 Quo
979 3478 1055 3554 post
1077 3471 1165 3536 bella

886 3574 1080 3640 Michahelis
1102 3575 1226 3658 inclyta

885 3685 1000 3742 nostra
1022 3677 1085 3742 deo
1104 3678 1167 3742 sint
1190 3683 1328 3760 accepta

888 3801 1019 3846 auream
1042 3799 1141 3864 super

887 3905 977 3950 aram
1000 3883 1220 3968 thymiamata.
1419 3883 1461 3946 70

715 4106 717 4110 ,
833 4035 863 4100 0.
888 4031 958 4111 Quo
980 4033 1014 4098 in
1036 4051 1150 4098 coaeva
1168 4031 1238 4117 jam
1260 4032 1368 4115 gloria

887 4133 1168 4202 Condeoantemus
1193 4133 1334 4218 alleluja.

242 4292 290 4347 lis.
307 4309 343 4348 nu
360 4294 539 4349 Lichtenthal
556 4293 605 4348 des
625 4295 660 4348 11
678 4294 776 4350 Jahrh.
803 4293 867 4364 (A).
903 4294 951 4349 Hs.
978 4311 1013 4349 nu
1041 4295 1188 4366 stuttgart
1217 4293 1288 4349 Bibh
1312 4293 1348 4349 20
1380 4287 1462 4347 168.

154 4381 188 4434 11
207 4379 308 4443 Jahrh.¹
325 4381 387 4450 (B).
422 4382 469 4440 Hs.
488 4398 523 4435 zu
540 4381 679 4454 Freiburg
703 4382 755 4438 Nc.
774 4383 816 4439 56.
841 4385 875 4436 15
893 4382 991 4439 Jahrh
1010 4383 1073 4452 (C).
1110 4384 1157 4438 Hs.
1177 4400 1213 4438 zu
1230 4381 1374 4438 Mdnehen.
1392 4380 1463 4437 Cim.

154 4468 251 4522 11322.
279 4465 299 4522 f.
323 4470 365 4523 31.
392 4471 424 4522 11
452 4468 550 4524 Jahrh.
577 4470 628 4525 mit
646 4471 772 4526 Neumen
800 4471 864 4542 (D).
908 4471 1002 4530 Missae
1026 4487 1100 4544 spec.
1128 4472 1272 4530 Constant.
1302 4475 1351 4542 (v.
1370 4469 1461 4540 1181)

156 4551 176 4610 f.
194 4556 229 4610 28
248 4557 310 4626 (Ε).
346 4556 398 4612 Bei
415 4557 514 4614 Daniel
527 4561 553 4627 2,
572 4559 608 4613 at
626 4559 702 4615 steht
720 4559 771 4614 der
788 4557 910 4632 Anfang.

244 4664 406 4736 3pangant
424 4664 454 4726 Β.
496 4663 647 4722 5solvant
665 4666 697 4720 B.
738 4666 853 4735 dtota‚
886 4668 983 4736 sp'ater
1002 4664 1138 4736 corrigirt
1155 4667 1254 4719 nostra
1272 4662 1303 4717 B.
1346 4661 1381 4714 10
1399 4676 1461 4730 que,

154 4749 269 4822 spitere
288 4751 441 4810 Oorrectur
460 4752 489 4807 in
506 4753 536 4808 B.
568 4768 630 4825 quae
648 4753 702 4812 DE.
745 4755 780 4810 13
798 4753 898 4811 nonies
916 4754 946 4810 Ε.
989 4755 1025 4808 11
1042 4755 1220 4826 pneumatum
1237 4751 1266 4808 0.
1301 4749 1338 4804 20
1351 4749 1414 4822 jam
1431 4749 1461 4807 Ε.
