3282 5370
79 1467 86 1475 “
209 1486 292 1552 quos
315 1465 408 1532 dolus
431 1465 575 1532 hosticus
597 1455 727 1533 illicitos

203 269 287 342 tat

279 453 313 511 V.
328 457 372 512 lb
400 455 469 513 oum
492 455 619 511 dominus
642 453 749 526 lignum
772 456 907 524 portaret,
931 454 1036 523 mois,
1063 453 1197 524 triumphi
1225 453 1269 510 rui
1292 454 1427 524 portabat
1449 457 1512 512 trc-

205 545 320 616 phaeum
346 546 375 598 et
399 542 510 614 signum
532 542 633 597 salutis
650 541 825 597 adorandum
842 541 938 612 regnis
957 541 1085 596 omnibus
1103 538 1250 598 inferebat.
1280 542 1359 598 Leon
1376 557 1409 596 ut
1428 558 1513 600 serm.

206 633 251 700 59,
271 632 296 686 l.
331 630 389 686 Das
407 630 540 685 vexillum
557 615 713 699 frontibbs,
732 628 843 684 berieht
861 629 921 684 sich
934 627 988 684 anf
1001 628 1046 683 die
1064 629 1260 701 Bereiclrnng
1277 630 1329 686 der
1347 630 1442 686 stunc
1459 631 1514 688 mit

207 719 272 774 dem
289 719 400 774 Kranae
417 717 464 773 bei
482 717 533 772 dor
550 714 653 788 'l'auf03
689 732 720 771 es
744 716 783 772 ist
805 717 942 772 daruuter
966 716 1057 772 crucis
1082 716 1217 772 vexillum
1234 717 1419 787 versurum,
1446 733 1513 774 was

206 806 315 862 Ilicrou
333 805 397 862 adr.
412 803 507 862 aovin
524 807 550 874 2,
567 806 603 859 37
620 805 748 860 brauobt
783 803 849 875 Vgl
866 805 919 860 No.
937 807 997 874 111,
1014 807 1040 860 3.

590 1088 672 1162 102.
708 1088 873 1188 Hymnus
899 1086 943 1160 de
970 1113 997 1160 s.
1020 1111 1133 1160 cruce.
1166 1159 1172 1184 x

183 1229 186 1234 Ι
208 1257 300 1326 crux
313 1265 379 1344 tua,
401 1256 540 1340 Christe,
564 1257 651 1323 salus
673 1257 836 1324 hominum
887 1258 974 1323 editu
998 1257 1092 1342 sigua
1114 1255 1219 1320 crucis
1241 1256 1363 1340 populo

206 1363 340 1430 abstulit
364 1381 458 1427 omne
479 1360 572 1426 nefas
595 1369 752 1448 veterum,
887 1362 1022 1447 signifer
1045 1361 1159 1426 extulit
1181 1361 1252 1444 ipse
1276 1378 1345 1424 suo.

887 1525 1031 1592 Gemere
1053 1543 1188 1610 prorsus
1212 1509 1283 1589 erat
1305 1525 1442 1588 miseros

521 1697 524 1704 Δ
638 1713 643 1720 .
886 1631 933 1696 sio
959 1629 1038 1694 da‘re
1060 1637 1155 1712 terga
1178 1627 1256 1713 fuga
1278 1627 1439 1714 trepidos,

209 1731 360 1799 Criminis
382 1731 480 1818 hujus
498 1736 540 1802 ob
565 1733 697 1798 exitium
814 1737 833 1797 5
887 1734 1024 1817 qualiter
1047 1735 1164 1798 arbore
1189 1729 1325 1798 decidua
1468 1733 1512 1796 35

208 1843 246 1902 tu
266 1836 339 1918 pius
362 1854 399 1900 es
422 1835 516 1914 datus
538 1836 573 1902 in
593 1819 747 1920 pretinm,
886 1836 978 1902 arida
1000 1844 1115 1900 ventus
1138 1837 1207 1920 agit
1228 1836 1314 1900 lolia

204 1940 356 2005 surculus
378 1946 414 2004 ut
436 1959 559 2006 nocuus
579 1941 688 2004 veniae
1346 1927 1348 1936 ’

207 2040 343 2108 cederet
364 2042 493 2130 arboris
512 2043 668 2106 innocuae.

206 1570 366 1656 implicuit
387 1569 514 1635 violare
536 1571 636 1636 cibos.

885 1999 968 2066 Hinc
991 1999 1148 2064 animatus
1171 2018 1281 2064 amore
1305 1998 1358 2064 dei

885 2109 945 2168 rex
968 2123 1038 2167 suas
1049 2103 1134 2168 colla
1154 2103 1238 2187 jugo
1260 2102 1339 2166 fidei

208 2200 282 2270 Hoc
303 2203 491 2270 venerabile
512 2206 613 2269 robur
635 2203 722 2268 humi
885 2201 1027 2272 subdidit
1049 2214 1083 2296 et
1104 2215 1283 2274 renovante
1306 2223 1400 2272 sacro

206 2314 284 2390 post
307 2307 427 2373 obitum
448 2307 541 2372 latuit
563 2307 683 2378 domini
792 2309 832 2373 10
885 2310 1056 2374 ecclesiam
1079 2309 1175 2374 subiit
1192 2309 1336 2376 lavacro.
1466 2307 1511 2372 40

206 2415 356 2492 tempora
377 2409 468 2491 regis
491 2407 657 2492 adusque
679 2409 725 2493 pii

206 2530 251 2577 ex
271 2510 398 2580 1101er
419 2513 578 2596 genitrice
599 2513 671 2579 sap·
883 2471 935 2563 At
954 2473 1047 2536 simili
1069 2473 1190 2557 pietate
1212 2473 1328 2556 vigens

883 2578 984 2660 ipsius
1007 2575 1133 2643 Helena
1156 2575 1209 2638 dia
1231 2591 1352 2659 parens

206 2672 278 2753 Quo
299 2671 386 2740 Latii
408 2685 506 2760 caput
526 2677 653 2762 imperii
871 2678 997 2743 'sedula
1020 2677 1060 2740 de
1078 2695 1180 2742 'cruce
1204 2662 1389 2741 continuum

205 2779 330 2860 absque
347 2785 434 2843 metu
451 2777 644 2844 ,moderante
668 2780 731 2865 sui,
883 2803 1031 2866 quaerere
1050 2787 1199 2866 coeperat
1220 2779 1380 2844 indicium.

205 2897 279 2944 cum
300 2879 411 2944 valida
433 2880 524 2945 furor
546 2883 633 2947 hunc
655 2885 727 2968 acie
790 2887 830 2948 15

203 2991 352 3067 coeperat
373 2984 517 3052 hosticus
538 2987 679 3072 irruere,

881 2946 1023 3012 Plurima
1044 2946 1151 3028 gentis
1175 2951 1207 3009 et
1229 2944 1394 3009 hebraicae
1463 2943 1507 3007 45

877 3047 1022 3132 jusserat
1044 3047 1174 3128 agmina
1197 3045 1367 3127 colligere,
1389 3100 1392 3106 .

201 3145 299 3217 bloet
321 3151 435 3215 anxins
456 3152 528 3236 ipse
551 3153 601 3218 sui
882 3169 945 3232 quo
969 3151 1028 3215 sibi
1052 3133 1167 3233 sponte
1190 3150 1299 3232 palam
1321 3147 1445 3213 iaceret

203 3251 352 3316 redditus
375 3263 426 3319 est
448 3273 547 3354 super
568 3256 633 3323 hoo
655 3259 767 3344 animi,
883 3261 970 3318 tecta
992 3254 1133 3336 negotia,
1158 3271 1231 3334 quae
1255 3258 1397 3334 cuperet.

203 3373 247 3418 ua
270 3355 331 3420 sibi
353 3357 449 3440 copia
472 3366 675 3445 suppeteret,

203 3475 270 3539 qua
283 3455 355 3522 iera
367 3465 504 3541 pectora
517 3462 751 3545 comprimeret.
785 3466 827 3529 20

882 3416 992 3482 Corda
1014 3417 1073 3480 sed
1094 3417 1192 3500 impia
1214 3435 1308 3482 cassa
1325 3415 1392 3481 fide

880 3521 951 3588 fixit
973 3525 1103 3588 aculeus
1126 3523 1272 3608 invidiae,
1462 3525 1506 3590 50

198 3613 269 3687 Ast
290 3621 346 3687 ubi
367 3622 455 3689 fessa
477 3625 584 3708 quiete
606 3627 722 3692 fovens
878 3628 1043 3712 suppliciis
1065 3648 1160 3712 mage
1178 3628 1373 3712 vellendi,

199 3742 343 3810 corpora
364 3727 527 3806 straverat
548 3734 661 3797 umbra
682 3733 791 3818 silens,
877 3719 1011 3798 munera
1034 3752 1129 3815 quam
1151 3752 1301 3796 reserare
1324 3732 1385 3796 dei.

197 3835 734 4016 fficssossozbzffiezzffium
878 3895 965 3975 Quos
988 3897 1081 3960 simul
1103 3897 1180 3980 igne
1203 3895 1348 3963 cremare
1366 3897 1493 3982 jubens

306 3955 328 4018 p
683 3992 691 4006 '
877 4004 1000 4084 absque
1022 4000 1114 4065 mord
1136 4003 1285 4067 basilissa
1307 4010 1424 4087 potens

197 4093 289 4162 Ecce
311 4095 418 4194 figura
440 4102 545 4167 crucis
566 4103 673 4168 medio
781 4108 823 4170 25
877 4107 1030 4190 compulit
1051 4107 1112 4170 hos
1135 4106 1206 4170 fore
1230 4106 1401 4190 veridicos,
1461 4108 1505 4170 55
1622 4197 1623 4202 ἵ

199 4201 315 4267 enituit
336 4205 487 4270 rutilante
509 4207 588 4290 polo
712 4203 713 4206 ’
878 4229 958 4294 quos
981 4230 1040 4276 sua
1062 4211 1152 4278 fraus
1174 4213 1247 4278 tulit
1269 4219 1343 4276 aute
1366 4229 1451 4276 reos.

199 4306 354 4390 claraque
376 4326 443 4374 vox
464 4328 564 4393 super
585 4310 738 4378 intonuit:

200 4410 319 4494 „vinoe
340 4431 401 4494 per
422 4411 502 4495 hoo,
527 4413 582 4497 pie
607 4409 746 4481 caesarpc
771 4418 824 4483 ast·
876 4375 1012 4442 Nomine
1035 4395 1172 4457 namque
1194 4373 1312 4439 ludam
1335 4374 1458 4439 socium

875 4479 1007 4544 tradere
1033 4478 1223 4562 disposuere
1247 4495 1352 4560 suum,

196 4569 346 4657 Denique
371 4593 430 4660 spe
452 4575 608 4645 redeunte
631 4581 692 4648 sibi
875 4585 986 4666 regius
1010 4583 1136 4665 hocque
1160 4582 1236 4647 dato
1259 4581 1420 4666 placidam

194 4691 276 4744 mox
298 4693 361 4763 ope
383 4695 448 4746 nou
471 4678 577 4750 dubiae
599 4681 676 4756 fidei
779 4689 821 4756 30
875 4687 926 4753 his
950 4688 1046 4772 vigor
1069 4687 1214 4756 exhibuit
1235 4688 1404 4754 dominam.
1459 4686 1503 4754 60
