3280 5358
540 1707 1082 1808 Praelatio

224 2445 325 2518 'Cum
339 2455 566 2524 adnotationes
587 2460 685 2544 hujus
706 2460 782 2526 libri
803 2457 991 2542 germanice
1013 2455 1077 2522 sint
1101 2453 1306 2538 conscriptae,
1328 2447 1464 2534 quisque

153 2591 253 2656 facile
276 2593 437 2676 conjiciet,
459 2595 546 2660 hanc
568 2595 741 2660 editionem
763 2595 992 2660 semi-latinam
1014 2609 1128 2658 eorum
1150 2585 1320 2656 commodo
1342 2584 1462 2650 factem

153 2745 240 2810 esse,
265 2729 319 2810 qui
336 2729 479 2812 linguam
501 2733 719 2814 germanicam
737 2751 802 2798 non
817 2733 966 2815 calleant,
989 2731 1128 2816 hymnos
1145 2735 1252 2794 autem
1266 2723 1333 2789 suis
1348 2721 1463 2788 studiis

151 2866 250 2931 utiles
281 2865 422 2931 reddere
456 2869 596 2953 cupiant.
651 2867 745 2947 Quod
778 2888 843 2936 non
877 2869 961 2934 adeo
993 2866 1125 2933 difficile
1156 2865 1246 2930 lactu
1276 2880 1350 2927 esse
1380 2859 1461 2924 viris

151 3006 260 3070 doctis
288 3008 428 3092 mihique
459 3011 657 3077 amicissimis
689 3014 794 3077 visum
818 3019 883 3095 est,
919 3029 1015 3094 quum
1047 3017 1081 3074 et
1107 3007 1274 3075 vadantes
1301 3005 1461 3071 lectiones

149 3147 253 3210 latine
275 3155 309 3210 et
330 3147 395 3212 looi
416 3150 611 3234 scriptorum
637 3147 752 3214 eddom
778 3152 834 3216 vel
862 3169 974 3234 graeca
1003 3149 1115 3234 lingua
1145 3148 1331 3228 afferantur,
1361 3141 1460 3228 atque

150 3287 218 3351 hoc
235 3287 332 3352 modo
356 3291 494 3353 maxima
511 3289 581 3374 jam
603 3308 681 3374 pars
704 3289 813 3374 operis
837 3307 950 3354 eorum
971 3290 1044 3353 usui
1069 3286 1236 3369 inserviat,
1264 3283 1319 3368 qui
1340 3281 1460 3348 utrius·

150 3443 217 3508 que
247 3425 368 3509 linguae
394 3430 516 3494 veteris
547 3431 692 3494 notitiam
722 3429 872 3494 habeant.
923 3427 1038 3512 Neque
1061 3425 1212 3508 diffiteor,
1236 3423 1343 3488 studia
1363 3421 1460 3504 hym·

149 3565 305 3647 nologioa
328 3585 422 3648 quam
449 3568 587 3632 maxime
619 3567 735 3649 augeri
767 3573 800 3630 et
821 3564 962 3647 extendi,
995 3565 1022 3628 si
1054 3563 1204 3629 collectio
1228 3560 1301 3626 haec
1321 3559 1355 3623 in
1376 3556 1460 3621 mul·

147 3709 257 3767 torum
279 3723 391 3768 manus
413 3705 533 3788 veniat,
563 3724 627 3788 qua
649 3705 831 3770 excitentur
854 3703 980 3786 stipsi,
1014 3701 1202 3766 thesaurum
1224 3698 1417 3780 hymnorum
1438 3711 1459 3759 θ

151 3842 319 3908 codicibus
341 3845 567 3926 manuscriptis
590 3844 783 3927 depromere
807 3859 943 3923 eumque
965 3837 1156 3904 testimoniis
1179 3842 1307 3919 patrum
1330 3852 1458 3899 ornare.

148 3978 266 4062 ltaque
281 3983 475 4066 praelatione
497 3983 720 4067 iudicibusque
743 3981 851 4046 latinis
880 3997 962 4062 opus
985 3995 1058 4041 esse
1080 3975 1218 4060 videtur,
1241 3981 1277 4039 ut
1299 3973 1405 4040 exteri
1426 3978 1460 4037 et

148 4119 310 4184 rationem
332 4121 429 4206 hujus
448 4122 583 4186 instituti
601 4125 685 4188 bene
707 4121 907 4206 perspiciant
922 4125 956 4182 et
968 4119 1052 4184 libro
1071 4114 1238 4182 commode
1256 4115 1303 4178 nti
1316 4114 1457 4198 possint;

149 4261 307 4344 quocirca
329 4282 349 4326 e
370 4259 564 4346 praefatione
586 4262 772 4344 germanica
793 4258 848 4324 hio
869 4257 1052 4342 repetenda
1080 4255 1166 4340 duxi,
1197 4273 1270 4338 quae
1299 4253 1459 4318 rationem

147 4399 240 4463 illam
277 4400 441 4486 explicant
475 4407 508 4464 et
539 4397 743 4482 confirmant,
783 4397 926 4480 omissis,
963 4415 1036 4479 quae
1066 4392 1286 4458 tantummodo
1316 4391 1359 4457 ad
1389 4409 1459 4453 rem

147 4537 329 4605 literariam
364 4539 596 4606 Germanorum
633 4538 754 4605 faciunt
787 4537 974 4621 exterisque
1007 4555 1123 4620 parum
1157 4532 1303 4598 utilitatis
1336 4529 1456 4596 afferre

148 4677 313 4744 videntur.
