3312 5366
2 4406 4 4421 ⁴
113 4328 223 4394 mundi
245 4329 334 4412 regis
357 4327 411 4410 qui
432 4327 590 4393 fabricam

126 501 210 562 Naclr
226 499 260 560 V.
277 503 311 558 12
328 498 428 575 fulgen
446 503 523 559 diese
541 508 558 560 2
576 507 634 564 Str.

199 639 259 696 Neo
276 640 315 696 sit
332 641 410 698 salus
427 641 488 699 ullo
506 644 590 704 modo

198 732 249 784 tuo
265 726 339 784 foris
356 729 511 801 vocabulo,

199 829 292 886 aquo
310 822 408 873 creata
426 824 526 874 cuncta
543 824 622 890 sunt,

198 905 228 956 et
244 907 374 958 recreata
391 907 490 960 sencta
507 909 578 962 sunt.

124 1029 206 1088 Nach
222 1030 255 1085 V.
275 1031 309 1084 16
326 1029 426 1104 folgen
443 1031 519 1088 diese
536 1036 554 1087 ²
572 1033 628 1091 Str.

197 1117 266 1187 Quae
283 1120 610 1190 praeeminet‘rirtutibus
873 1123 975 1182 Dicunt
992 1131 1022 1184 et
1039 1129 1124 1186 astris
1143 1131 1254 1204 angeli,

196 1206 309 1260 summis
327 1208 428 1277 procul
446 1207 622 1280 coelestibus,
873 1211 981 1270 demum
995 1217 1104 1271 reverti
1122 1217 1297 1292 hujusmodi,

196 1291 264 1346 dens
283 1307 351 1347 caro
370 1297 454 1364 atque
472 1294 603 1364 spiritus,
748 1309 751 1316 ’
872 1313 953 1368 quem
970 1307 1023 1356 noa
1040 1301 1135 1357 redire
1154 1303 1305 1376 oredimus,

194 1376 295 1448 plenus
314 1377 382 1433 deus
399 1393 539 1450 verusque
552 1379 645 1436 homo.
871 1399 994 1457 regnare
1012 1401 1132 1458 prorsus
1151 1389 1287 1448 novimus.

124 1479 176 1535 Die
194 1480 279 1537 dritta
297 1481 503 1556 Ver‘anderung
526 1484 603 1556 neigt
626 1484 687 1540 sich
706 1484 743 1540 im
762 1485 880 1544 Brevier
898 1489 948 1544 der
966 1489 1184 1564 cistercienser,
1215 1495 1257 1551 sie
1275 1491 1363 1568 sigen
1382 1493 1429 1550 clio

122 1568 228 1624 zweito
246 1569 370 1641 Strophe
395 1571 444 1626 des
469 1567 622 1644 folgenden
639 1573 766 1644 Hymnus
792 1592 830 1632 au
857 1576 901 1632 die
929 1577 1021 1634 vierto
1046 1577 1095 1634 des
1120 1581 1225 1654 obigen
1248 1581 1305 1638 und
1330 1581 1429 1637 lassen

122 1653 233 1711 dmauf
252 1657 296 1712 die
320 1657 480 1730 Doxologie
504 1657 620 1732 fulgen,
652 1659 790 1716 wodurcb
807 1661 857 1717 der
874 1663 976 1720 zweite
994 1664 1119 1736 Hymnus
1136 1667 1185 1723 bei
1202 1667 1286 1724 ihnen
1303 1665 1429 1742 wegfiel.

121 1741 240 1798 Sodann
257 1743 307 1799 hat
324 1743 369 1800 ihr
382 1745 453 1800 'l'ext
466 1743 599 1818 folgende
608 1747 697 1802 Verse
711 1747 760 1804 des
774 1749 879 1822 obigen
887 1751 1011 1824 Hymnus
1025 1751 1071 1807 hie
1084 1753 1140 1808 und
1153 1755 1189 1810 cla
1201 1754 1313 1814 betont:
1332 1758 1390 1812 6-
1401 1757 1430 1814 8.

194 1830 285 1902 patris
303 1831 408 1887 locaris
426 1831 543 1888 dextera
801 1840 843 1892 11.
869 1843 899 1893 et
915 1836 1089 1896 infernorum
1107 1857 1201 1912 genna

195 1923 225 1975 et
241 1924 411 1992 potestatem
431 1919 538 1991 accipis
800 1925 842 1978 12.
868 1919 983 1980 flectant
1000 1924 1029 1978 in
1046 1925 1115 1982 lesu
1133 1927 1251 1983 nomine.

192 2003 348 2078 perfectam
365 2023 451 2078 snper
468 2007 568 2064 omnia,

210 2109 243 2164 V.
261 2113 304 2166 1l.
329 2110 504 2168 Ascendonte
531 2111 644 2168 domino
670 2111 828 2168 humanitas
853 2116 898 2167 est
923 2111 1057 2170 exaltata.
1098 2117 1208 2189 Grecos.
1230 2120 1265 2176 M.
1292 2121 1365 2176 horn.
1392 2117 1424 2174 in

117 2213 166 2254 ev.
183 2200 210 2266 2,
227 2199 272 2266 2⁹,
290 2199 315 2250 9.
350 2196 458 2267 Greqor.
472 2196 537 2252 Nun
563 2213 606 2252 or.
629 2199 665 2252 39
688 2213 713 2268 p.
732 2199 792 2252 631.
816 2204 883 2269 sagt
906 2215 964 2254 von
988 2200 1129 2260 Christus:
1154 2204 1170 2261 ὁ
1194 2206 1358 2282 ἐπιβεβηκώς
1375 2207 1424 2264 tut

120 2283 170 2340 cbo
186 2279 304 2360 οὐρανὸν
330 2281 379 2340 τοῦ
396 2279 517 2360 οὐρανοῦ
533 2283 603 2340 κατὰ
622 2281 756 2348 ἀνατολὰς
772 2283 820 2359 τῆς
844 2286 917 2348 ἰδίας
936 2285 1018 2360 δόξης
1035 2308 1063 2346 rs
1080 2293 1126 2346 καὶ
1143 2291 1346 2368 λαμπρότητος,
1375 2293 1423 2348 art

117 2370 233 2444 δυσμῶν
252 2368 394 2438 δοξάζεται
411 2369 459 2444 τῆς
475 2370 609 2448 ἡμετέρας
626 2369 759 2436 εὐτελείας
775 2378 821 2430 καὶ
838 2371 1033 2446 ταπεινότητος.
1068 2377 1151 2436 Solet
1174 2380 1310 2450 quosdam
1334 2375 1425 2434 offen·

115 2459 189 2516 alere
212 2459 260 2514 vel
282 2460 383 2531 impios
407 2460 530 2532 gentiles
555 2459 603 2516 uel
626 2459 795 2530 baereticos,
827 2459 903 2532 quod
929 2461 1074 2518 credamus
1091 2471 1262 2536 assumptum
1280 2471 1425 2522 terrenum

120 2562 224 2620 corpus
243 2549 273 2614 in
291 2549 398 2626 crolum,
430 2548 481 2604 sed
504 2547 627 2620 gentiles
651 2547 814 2620 plerumque
832 2546 1065 2620 philosophorum
1083 2550 1257 2622 argumentis
1275 2549 1424 2606 nobiscum

117 2650 209 2708 agere
227 2636 347 2706 student,
366 2641 397 2692 ιιι
415 2636 517 2705 (licant,
535 2639 676 2691 terrenum
693 2636 799 2707 aliquid
816 2637 846 2692 in
864 2637 937 2694 coelo
957 2653 1019 2694 esse
1037 2653 1202 2708 nonposse;
1219 2641 1332 2694 nostras
1346 2636 1422 2692 enim

116 2723 276 2794 'scripturas
297 2739 354 2781 non
371 2729 519 2794 noverunt,
537 2741 590 2782 neo
608 2727 706 2796 sciunt,
725 2727 865 2798 quomodo
884 2727 988 2784 dictum
1000 2728 1049 2784 sit:
1069 2728 1221 2783 seminatur
1233 2741 1343 2798 corpus
1361 2723 1425 2782 ani·

119 2812 206 2880 male,
231 2813 324 2884 surgit
348 2828 452 2883 corpus
471 2813 600 2884 spiritale
618 2815 649 2882 (1
669 2814 734 2871 Gor.
753 2815 796 2884 15,
813 2817 872 2884 41).
904 2831 961 2870 non
979 2817 1052 2871 enim
1068 2816 1109 2871 ita
1127 2815 1305 2894 (lictum-est,
1337 2813 1422 2886 quoni

119 2916 225 2972 corpus
242 2905 371 2956 vertatur
388 2901 417 2955 in
435 2901 564 2972 spiritum
581 2905 611 2956 ot
627 2901 743 2972 spiritns
760 2897 825 2972 fiat,
843 2901 909 2972 quia
926 2906 956 2958 et
972 2919 1046 2958 nnnc
1063 2917 1166 2972 corpur
1183 2905 1324 2970 nostrum,
1341 2898 1421 2971 quod

118 2988 241 3044 animale
255 2988 363 3057 dicitur,
379 3005 437 3044 non
453 2988 482 3042 in
500 2988 619 3044 animam
636 3005 750 3045 versum
767 2995 812 3045 est
825 2996 855 3045 ct
867 2991 960 3046 anima
973 2988 1090 3046 iactum:
1110 2989 1161 3045 sed
1174 2988 1303 3061 spiritale
1313 2999 1420 3058 corpus

118 3075 298 3146 intelligitur,
317 3076 392 3146 quod
409 3075 450 3131 ita
467 3075 579 3146 spiritui
597 3075 735 3134 subditum
748 3082 801 3148 est,
818 3083 850 3133 ut
863 3079 973 3134 coelesti
984 3077 1153 3134 habitationi
1166 3076 1323 3145 conveniat,
1342 3069 1422 3131 omni

118 3159 279 3234 fragilitate
302 3177 336 3218 ao
359 3162 424 3218 labe
448 3168 561 3220 terrena
584 3162 614 3220 in
632 3164 776 3222 coelestem
792 3165 945 3236 puritatem
962 3171 992 3222 et
1009 3165 1191 3222 stabilitatem
1208 3167 1316 3219 mutata
1332 3166 1421 3233 atquo

118 3267 266 3309 conversa
292 3252 354 3307 hec
372 3256 416 3307 est
433 3251 605 3322 immutatio,
623 3252 658 3308 de
676 3269 732 3324 qua
749 3252 816 3308 item
834 3253 902 3308 dicit
919 3254 1080 3324 apostolus:
1112 3269 1208 3310 omnes
1226 3265 1419 3323 resurgemus,

112 3341 243 3400 sednon
261 3356 356 3396 omues
373 3341 578 3398 immutabimur
597 3341 679 3411 (ibicl
696 3357 724 3396 v.
742 3343 801 3410 51).
835 3358 919 3412 quarn
936 3340 1154 3396 immutationem
1171 3353 1228 3394 non
1245 3337 1275 3393 in
1292 3337 1419 3392 deterius

117 3429 170 3484 sed
195 3429 225 3483 in
250 3427 349 3483 melius
373 3425 449 3497 lieri,
474 3428 558 3484 (locet
575 3427 662 3496 idem,
690 3443 752 3482 cnm
770 3427 851 3484 uicit:
883 3433 912 3483 et
929 3444 981 3482 nos
999 3427 1211 3482 immutabimur.
1246 3425 1304 3481 Sed
1320 3425 1369 3480 ubi
1386 3425 1420 3480 et

117 3516 258 3589 quomodo
282 3517 320 3571 sit
342 3515 372 3571 in
395 3516 469 3571 coelo
495 3531 598 3586 corpus
622 3516 801 3586 dominicum,
833 3516 1052 3571 curiosissimum
1069 3519 1098 3570 et
1116 3527 1353 3584 supervacaneum
1370 3513 1419 3565 est

114 3621 259 3676 qnaerere3
276 3603 469 3660 tantummodo
486 3601 515 3657 in
533 3603 606 3660 coelo
625 3619 688 3658 esse
705 3603 872 3658 credendum
889 3607 939 3657 est.
966 3603 1097 3673 locustio
1115 3601 1149 3656 de
1162 3598 1218 3656 fido
1231 3605 1261 3654 et
1274 3599 1361 3671 symb.
1371 3597 1417 3654 13.

851 665 854 672 ,
876 597 944 654 llaec
961 602 1042 676 tanta
1060 600 1278 674 christigratia

876 700 976 740 nexum
994 687 1072 743 tollit
1089 689 1278 760 peccaminum

877 769 909 839 (l
928 773 1117 842 peccaminum
1134 791 1234 830 nexum
1252 776 1342 848 tulit),

876 855 1047 928 sumpsitque
1066 873 1170 931 eorpus
1187 861 1333 932 proprium

875 945 1019 1015 totumque
1037 945 1166 1017 possidet
1182 947 1285 1020 polum

496 3890 578 3962 172.
618 3887 679 3962 Ad
704 3886 849 3980 laudes,
872 3885 1031 3986 hymnus.

791 4047 824 4106 et
847 4039 948 4106 corda
970 4057 1096 4104 sursum
1118 4038 1254 4106 subleva

113 4120 181 4206 Tur
205 4119 358 4205 Chssstfir'
371 4126 516 4184 ¹1⁰Stffl¹¹¹
539 4121 707 4206 gaudium>
790 4145 833 4210 ad
854 4153 888 4210 te
911 4142 1052 4228 superna
1074 4143 1197 4227 gratia5

114 4243 247 4290 manens
270 4224 402 4307 ⁰lymp⁰
424 4222 600 4307 praemium'
789 4273 834 4341 Ut
856 4293 927 4338 cum
949 4281 1084 4358 repento
1107 4275 1246 4360 coeperis

791 4379 917 4445 clarere
936 4379 1021 4445 nube
1041 4379 1170 4463 judicis,
1373 4377 1416 4442 1o

791 4499 907 4565 paenas
928 4481 1072 4565 repellas
1094 4481 1238 4564 debitas,

719 4618 739 4682 5
791 4585 912 4652 reddas
934 4605 1072 4653 coronas
1095 4586 1249 4672 perditas.

113 4430 275 4498 mundana
295 4432 429 4496 vincens
452 4429 580 4514 gaudia.

110 4617 198 4687 Hinc
218 4626 251 4683 te
272 4627 446 4704 precantes
469 4636 668 4704 quaesumus,

106 4724 248 4808 ignosm
270 4724 373 4812 culpis
396 4725 541 4793 omnibus
793 4721 907 4808 Gloria
927 4722 985 4791 tibi
1008 4722 1142 4804 domine¹
1158 4728 1219 4787 eto.
1390 4818 1404 4837 Ι,
