3312 5366
1422 328 1493 396 W

264 505 456 562 Reiohenuuor
473 505 611 574 Pap-lis.
632 503 684 559 No.
703 505 746 558 36.
765 503 807 560 ΒΙ.
827 505 869 558 51.

266 629 417 684 tdoorurn
435 627 576 684 dominum
592 627 640 682 lis
683 627 719 678 m
735 629 765 679 et
782 621 855 680 fehlt
873 623 920 680 lle.
962 623 997 676 m
1015 637 1135 694 sugens
1153 622 1201 678 lle.
1247 626 1283 680 tt
1300 631 1328 682 te
1347 625 1421 688 fehlt
1437 633 1485 691 flu.

179 717 213 770 m
231 731 267 772 ne
287 716 332 772 Hs.

268 841 299 894 V.
319 843 334 892 1
355 840 393 894 ist
411 838 478 913 balb
497 853 548 892 ans
567 839 630 892 dem
651 835 772 908 rotigen
790 835 873 892 liele
892 835 1026 890 entlebnt.
1135 895 1139 902 ,

267 925 299 980 V.
318 929 343 984 9.
360 930 404 982 tt.
429 926 528 982 mellis
551 927 621 982 cmi
638 940 695 980 nou
709 924 825 994 spiritus
844 924 935 980 saneti
953 924 1048 994 gratia
1066 920 1195 994 infundit,
1212 926 1296 982 mello
1309 943 1365 984 nos
1376 930 1485 1000 puriter

178 1018 208 1068 et
231 1013 336 1084 butyro
360 1014 459 1084 replet.
508 1013 564 1068 blel
583 1012 657 1067 enim
674 1012 795 1082 desuper
814 1011 904 1080 eadit,
938 1011 1071 1081 butyrum
1088 1027 1160 1067 vero
1178 1028 1212 1066 ex
1230 1014 1391 1072 animalium
1408 1017 1484 1074 laete

178 1099 337 1170 oelligiter,
356 1101 525 1171 molitaque
540 1117 576 1158 eu
594 1100 670 1168 nire,
689 1101 827 1172 luutyrunn¹
838 1115 909 1156 vero
930 1115 966 1154 en
983 1115 1068 1156 earne
1086 1104 1137 1154 eut
1165 1101 1372 1160 nummismata
1390 1103 1484 1173 patris

178 1187 351 1258 unigenitus,
379 1203 441 1242 eum
459 1188 497 1242 sit
515 1187 583 1242 deus
602 1203 687 1257 super
706 1187 811 1254 omnia,
840 1187 924 1242 bomo
943 1192 987 1242 est
1005 1185 1097 1241 factus
1116 1187 1190 1242 inter
1208 1189 1315 1259 omnia3
1346 1190 1394 1260 qui
1420 1203 1485 1252 uun

176 1289 229 1328 nos
254 1273 399 1332 dulcedine
427 1275 582 1346 divinitatis
610 1289 668 1328 suae
696 1279 725 1327 et
752 1273 887 1346 mysterio
914 1273 1116 1330 incarnationis
1146 1275 1283 1348 replevit,
1315 1277 1399 1334 melle
1427 1294 1482 1336 noe

178 1361 287 1432 pariter
305 1368 334 1416 et
351 1361 457 1434 butyro
476 1362 598 1417 satiavit.
635 1361 744 1432 (ἔναρον.
762 1363 796 1416 M.
815 1362 914 1418 moral
934 1365 975 1432 15,
993 1363 1036 1416 20.

265 1447 298 1502 V.
324 1449 367 1504 26.
411 1449 505 1504 cordis
539 1445 680 1517 sabacius,
718 1450 889 1525 ταλαιπωρία
923 1447 976 1504 τῶν
1008 1448 1147 1522 λογισμῶν
1179 1445 1232 1508 univ
1259 1447 1483 1528 ἆλλοτριούνιων.

179 1535 238 1593 Oet.
258 1538 299 1591 19.

545 1829 548 1834 Ι
646 1716 728 1790 188.
755 1715 812 1792 lle
841 1742 869 1790 s.
895 1717 1030 1814 spiritu.

177 1919 262 1984 iloni
278 1920 348 2004 jam
371 1921 463 2003 ueni,
855 1922 940 1987 Veni
962 1941 1041 2008 spes
1062 1945 1257 2009 pauperum,
1440 1926 1481 1990 15

176 2025 406 2107 benignissime
472 2045 475 2052 ’
853 2026 1057 2092 refoeillaton
1078 2025 1312 2094 definientium!

176 2127 315 2193 dolentis
338 2129 453 2191 animae

219 2232 419 2312 consolator,

175 2335 433 2418 promptissimus

174 2439 208 2502 in
231 2437 524 2524 opportunitatibus

175 2549 208 2607 et
232 2542 493 2608 tribulationibus

220 2645 367 2729 adjutor!

174 2781 259 2848 Veni
282 2782 436 2847 fortitudo
459 2783 639 2866 fragilium,

173 2887 340 2952 relevator
363 2889 554 2964 labentium!
760 2887 800 2950 10

854 2269 939 2334 Veni
961 2273 1181 2355 navigantium

898 2371 1002 2454 sidus,

854 2475 1115 2558 naufragantium

897 2579 1027 2662 portus!

853 2817 939 2883 Veni
961 2818 1098 2883 omnium

853 2924 1030 2987 viventium

174 3025 258 3090 Veni
281 3025 397 3090 dootor
419 3025 599 3106 humilium,
698 3035 700 3038 ’
897 3020 1068 3107 singulare
1085 3024 1201 3108 denus,

177 3129 360 3194 destruetor
382 3131 610 3212 superborum,
853 3130 1055 3194 morientium

172 3235 245 3317 pius
268 3242 363 3318 pater
386 3233 620 3318 orphanorum,
897 3233 991 3298 unioa
1014 3233 1120 3316 salos,
1438 3233 1481 3300 25

174 3339 277 3404 duleis
299 3339 420 3404 vindex
442 3340 620 3404 viduarum.
854 3337 930 3400 veni
953 3345 1064 3402 sanete
1087 3338 1236 3422 spiritus!

262 3527 309 3580 lls.
328 3543 363 3580 uu
380 3525 485 3592 blaine,
513 3523 610 3576 llartb.
633 3522 687 3577 No.
704 3523 765 3575 622,
793 3520 835 3574 lll.
854 3523 906 3574 114
930 3521 980 3576 (les
1009 3524 1042 3575 12
1066 3523 1163 3579 Jelnrh.
1213 3522 1296 3577 Stebt
1322 3524 1420 3578 mitten
1447 3523 1478 3576 in

173 3614 263 3670 einenn
281 3614 466 3684 prosaiseben
484 3609 589 3668 Gebeto
614 3611 670 3666 unul
687 3609 797 3666 seboint
815 3609 991 3664 Bruobstiick
1015 3610 1091 3666 eines
1110 3610 1187 3666 alten
1205 3609 1318 3678 Liedes,
1350 3609 1477 3666 welches

173 3698 232 3756 fast
249 3701 383 3758 wbrtlieb
401 3701 476 3756 aueb
492 3699 521 3754 in
538 3700 650 3756 Amnes
669 3699 741 3752 Cant.
760 3701 832 3753 orat.
852 3699 893 3751 lt.
911 3697 1078 3757 vorkommt.

263 3817 296 3868 11
315 3814 343 3868 in
362 3815 413 3870 dee
431 3813 580 3872 lls.,videx
598 3813 669 3870 oller
686 3813 778 3881 iudex,
796 3813 844 3868 bei
861 3811 975 3866 Anselm
990 3813 1086 3884 judex.

262 3919 295 3974 V.
314 3923 358 3974 11.⁴
382 3920 437 3974 nisi
450 3920 512 3990 quis
526 3919 605 3989 prius
619 3918 804 3974 humilitatem
818 3918 957 3985 babuerit,
975 3917 1012 3972 ad
1030 3916 1135 3987 gradus
1153 3914 1291 3970 bonorum
1308 3914 1479 3984 spiritalium

173 4023 232 4064 non
249 4007 382 4062 aseendit.
418 4008 526 4078 Grepor.
545 4009 580 4062 Μ,
598 4008 670 4062 bom.
689 4007 718 4060 in
735 4005 835 4062 Euetb.
852 4008 878 4074 2,
897 4008 922 4072 7,
941 4005 964 4058 8.

259 4096 292 4150 V.
311 4099 353 4150 17.
379 4093 437 4169 βοῶ
456 4117 501 4151 σοι
519 4093 672 4168 σαμπλόαις
690 4093 872 4167 πονταύμενος
891 4091 1044 4169 ἁμαρτίαις.
1082 4090 1186 4146 Commo
1203 4093 1232 4152 in
1250 4097 1358 4164 pentec.
1385 4098 1419 4147 st.
1437 4093 1481 4146 11.

174 4183 238 4266 Vpl.
258 4183 310 4239 No.
329 4185 371 4253 76,
392 4186 433 4238 19.

639 4467 721 4544 189.
755 4469 812 4540 De
840 4493 867 4538 s.
891 4469 1025 4565 spiritu.

174 4633 296 4701 Sancte
319 4638 466 4721 spiritus,
489 4645 521 4702 te
544 4637 658 4721 laudo,
854 4635 997 4700 infudisti
1019 4634 1095 4712 mibi
1117 4636 1262 4718 planam,

175 4741 359 4824 benediete,
382 4743 439 4808 tibi
461 4743 598 4826 plaudo,
855 4760 969 4807 veram
989 4739 1087 4828 fidem
1110 4738 1333 4820 ebristianam,
