3280 5358
206 275 247 342 72

201 464 354 530 Gaudeat
376 482 503 546 pauper
525 460 666 542 humilia,
885 456 969 534 Quid
992 457 1079 539 qnod
1101 461 1160 522 bos
1183 479 1244 524 neo
1267 479 1331 524 non
1354 461 1462 526 asinus

205 569 280 635 huic
303 567 421 632 mundo
445 565 621 645 dissimilis,
885 570 1020 644 uterque
1044 559 1172 626 Christo
1196 563 1397 647 commoduS,

205 689 322 736 carens
346 669 464 734 nummi
486 667 604 730 divitiis
790 664 832 724 55
885 665 918 728 ni
941 665 1028 749 quod
1051 665 1164 731 doctus
1187 675 1220 730 et
1241 663 1389 732 indoctus

205 773 348 842 abundet
369 773 521 836 virtutum
544 769 645 834 donis.
885 778 1021 851 uterque
1045 769 1174 834 Christo
1196 771 1363 854 placitus?
1468 773 1513 838 80

204 947 333 1028 Quanto
358 948 428 1030 quis
451 947 504 1012 hic
525 946 718 1030 pauperior,
884 947 1007 1014 Doctus
1031 967 1090 1014 seu
1111 950 1212 1015 idiota
1234 951 1293 1032 sit,

204 1058 295 1116 tanto
318 1048 448 1114 Christo
470 1049 612 1129 similior,
886 1049 1033 1115 Christus
1056 1052 1214 1115 neminem
1235 1053 1363 1136 abjimt,

206 1157 260 1240 qni
283 1157 405 1221 eunctis
428 1162 478 1218 est
501 1153 650 1219 humilior
885 1153 1057 1220 dummodo
1080 1157 1165 1220 hunc
1187 1157 1343 1222 amaverit

206 1262 382 1344 egenisque
404 1259 588 1343 pauperior,
791 1257 832 1320 00
886 1275 985 1340 seque
1008 1257 1232 1322 humiliaverit.

205 1443 335 1527 Pauper
358 1443 412 1506 hic
434 1442 525 1505 nasci
547 1440 658 1521 voluit,
886 1437 979 1515 Quod
1001 1441 1136 1503 verbum
1158 1440 1225 1503 vita
1248 1439 1393 1523 praeditis
1469 1441 1512 1507 85

205 1547 279 1630 plus
302 1566 428 1630 pauper
452 1547 567 1628 vigens
590 1543 716 1628 deguit,
759 1563 762 1578 ¹
885 1558 944 1604 seu
967 1541 1039 1605 lnce
1062 1543 1139 1605 vitae
1162 1543 1315 1628 simplicis

206 1668 246 1714 ao
267 1655 496 1733 paupertatem
519 1649 611 1730 abiit,
884 1644 1059 1728 proficiunt
1082 1646 1135 1711 hic
1158 1649 1230 1711 aliis

204 1749 265 1815 sed
287 1751 513 1833 pauperrimus
536 1751 623 1815 obiit.
886 1748 1032 1812 salvator
1056 1748 1165 1812 calefit
1187 1752 1228 1814 ab
1252 1749 1310 1812 his.

205 1932 290 1998 Vide
314 1931 475 1997 Christum
498 1933 712 2013 humilhmum,
790 1933 831 1996 65
886 1930 989 1996 Natus
1013 1937 1179 2013 pastorum
1201 1931 1338 2015 optimus

205 2038 260 2121 qni
282 2037 413 2120 frigoris
436 2037 670 2103 incommodum
885 2036 1049 2098 nuntiatur
1071 2037 1271 2120 pastoribus,
1471 2041 1512 2104 90

204 2148 366 2222 utcunque
388 2161 449 2225 per
473 2141 622 2205 solatium
885 2157 949 2202 non
971 2140 1065 2221 pigre
1090 2138 1352 2224 dormitantibus,

204 2243 359 2326 propellit
381 2243 571 2307 animalium.
886 2241 944 2306 sed
967 2243 1063 2324 gregi
1085 2243 1301 2324 vigilantibus.

203 2422 326 2493 Horum
348 2445 485 2507 namque
509 2425 669 2488 anhelitus
885 2425 1055 2508 Nunquam
1079 2430 1193 2492 mentis
1217 2429 1355 2516 desidia,

204 2529 354 2594 calefacit
376 2531 508 2594 uberius
790 2531 831 2594 'to
884 2530 945 2594 sed
966 2531 1093 2595 interut
1116 2533 1229 2616 vigilii

202 2631 372 2714 infantem,
396 2633 450 2714 qui
471 2640 607 2716 propter
630 2632 732 2716 frigus
884 2635 1106 2717 percipiuntur
1128 2614 1238 2701 intima
1469 2643 1508 2706 95

203 2737 263 2800 sub
286 2739 401 2818 pannis
424 2739 516 2820 vagit
539 2737 664 2800 vilibus,
885 2739 1000 2801 natahs
1024 2738 1144 2804 Christi
1166 2741 1294 2823 gaudia.

204 2913 231 2980 0
256 2915 416 2980 humilitas
440 2918 551 2999 nimia,
711 2906 713 2910 ¹
886 2919 1008 2982 Parare
1032 2939 1090 2983 nos
1114 2921 1157 2984 ad
1178 2925 1316 3004 gratiam

205 3038 225 3083 o
247 3030 424 3106 paupertas
447 3023 618 3102 altissima,
886 3044 947 3107 per
969 3024 1126 3088 internam
1150 3027 1327 3091 custodiam

204 3125 291 3206 quod
314 3147 334 3188 a
355 3126 458 3192 brutis
482 3128 606 3196 solatia
792 3130 831 3191 75
886 3136 1009 3212 praesta
1030 3128 1111 3193 Jesu
1134 3151 1193 3194 rex
1216 3131 1330 3214 gloriae

204 3231 291 3313 capit
313 3232 380 3314 hic,
405 3234 460 3314 qui
483 3240 532 3295 est
555 3231 669 3296 onmia.
885 3252 984 3315 prece
1010 3233 1113 3300 laudis
1135 3243 1313 3319 perpetuae.
1447 3237 1509 3300 100

293 3437 339 3491 lls.
358 3454 393 3490 nu
411 3435 574 3504 Karl'sruhe,
594 3437 666 3491 ohne
680 3437 820 3504 Nummer,
840 3439 873 3489 15
883 3437 983 3492 Jahrh.
1011 3437 1206 3494 Vorstehende
1223 3441 1239 3492 3
1254 3439 1353 3492 Lieder
1372 3439 1511 3508 (51-53)

204 3523 266 3578 sind
285 3525 334 3577 der
353 3523 538 3594 Behandlung
556 3525 628 3578 nach
645 3539 703 3578 von
722 3523 785 3578 dem
803 3524 959 3578 ntimlichen
979 3525 1100 3580 Dichter.

291 3685 326 3738 63
345 3683 490 3738 entweder
508 3685 544 3738 od
561 3684 629 3740 oder
648 3685 735 3739 holuit
751 3702 786 3738 nu
806 3684 892 3738 lesen.
930 3685 965 3738 80
982 3684 1124 3754 placidus,
1143 3684 1188 3738 lis,

293 3838 325 3892 V.
344 3843 368 3893 2.
395 3858 516 3896 manens.
543 3842 631 3896 Filius
651 3843 695 3897 dei
714 3839 806 3898 factus
826 3847 871 3896 est
892 3843 992 3908 homo,
1018 3841 1059 3894 ita
1076 3858 1107 3895 se
1125 3841 1162 3894 ad
1178 3841 1386 3910 susceptionem
1403 3836 1513 3892 humih-

205 3925 272 3979 tatis
290 3931 397 3980 nostrae
416 3929 475 3982 sine
494 3930 674 3986 diminutione
694 3946 752 3984 suae
770 3929 930 4003 majestatis
949 3927 1100 3996 inclinans,
1133 3932 1164 3982 ut
1187 3943 1315 3995 manens,
1348 3925 1512 3996 quoderat,

203 4029 415 4084 assumensque,
440 4019 515 4087 quod
533 4035 589 4073 non
608 4025 684 4088 erat,
710 4035 806 4073 veram
826 4019 903 4072 servi
921 4015 1042 4071 formam
1060 4018 1086 4070 ei
1104 4015 1216 4083 formae,
1242 4015 1271 4068 in
1290 4030 1344 4084 qua
1362 4014 1416 4067 deo
1435 4012 1512 4082 patri

204 4104 249 4154 est
267 4102 397 4171 aequalis,
427 4105 533 4174 uniret,
561 4111 590 4160 et
608 4111 688 4160 tanto
706 4103 815 4160 foedere
836 4111 965 4160 naturam
984 4111 1128 4176 utramque
1148 4107 1323 4168 consereret,
1351 4106 1383 4155 ut
1400 4115 1451 4154 nee
1470 4099 1512 4154 in·

204 4184 339 4244 seriorem
358 4199 533 4248 consumeret
551 4191 731 4264 glorificatio,
750 4209 800 4248 nec
819 4193 996 4264 superiorem
1014 4193 1150 4247 minueret
1168 4189 1310 4246 assumtio.
1329 4189 1410 4243 salva
1423 4187 1512 4258 igitur

203 4279 380 4348 proprietate
404 4283 547 4352 utriusque
575 4280 741 4335 substantiae
773 4286 802 4336 et
826 4281 855 4334 in
879 4297 961 4335 unam
990 4281 1107 4335 co‘e'nnte
1126 4293 1290 4350 personam,
1323 4274 1512 4346 suscipitura

204 4369 353 4440 majestate
372 4370 526 4438 humilitas,
546 4386 564 4424 a
581 4369 685 4424 virtute
704 4365 868 4438 infirmitas,
887 4369 923 4423 ab
942 4369 1101 4423 aeternitate
1119 4363 1293 4434 mortalitas3
1313 4369 1341 4418 et
1358 4363 1396 4418 ad
1410 4361 1513 4432 depen-

204 4455 322 4512 dendum
339 4464 446 4513 nostrae
465 4457 634 4512 conditionis
654 4457 777 4512 debitum
794 4462 895 4512 natura
909 4455 1083 4511 inviolabilis
1097 4459 1205 4509 naturae
1221 4455 1265 4506 est
1281 4450 1360 4506 unita
1372 4447 1514 4520 passibili,

203 4543 325 4614 densque
344 4561 429 4598 verus
448 4546 579 4599 ethome
598 4559 683 4598 verus
702 4545 732 4599 in
750 4544 884 4600 unitatem
904 4543 1007 4599 domini
1025 4546 1211 4612 temperatur,
1238 4543 1283 4607 ut,
1310 4533 1386 4608 quod
1403 4537 1512 4592 nostris

202 4631 332 4686 remediis
352 4631 534 4702 congruebat,
552 4648 623 4686 unus
642 4637 727 4703 atque
744 4632 819 4687 idem
838 4631 883 4686 dei
895 4632 1096 4704 hominumque
1114 4627 1253 4682 mediator
1273 4631 1302 4682 et
1320 4623 1392 4683 mori
1410 4627 1513 4696 posset

202 4733 238 4781 es
255 4734 311 4778 uno
330 4722 359 4779 et
377 4733 529 4796 resurgere
547 4725 646 4798 posset
665 4736 700 4782 en
718 4719 818 4782 altero.
853 4719 930 4780 teon
949 4719 984 4777 M.
1002 4733 1083 4777 serm
1101 4717 1144 4790 21,
1163 4717 1188 4774 2.
