3316 5358
301 487 337 546 v.
353 489 390 544 to
401 487 485 546 -28,
511 487 543 544 ln
559 487 730 560 sempiterne
752 485 814 542 vite
831 489 993 544 tenetornm
1009 499 1063 541 nee
1081 499 1205 557 operose
1222 485 1277 540 erit
1294 485 1385 555 notio,
1410 500 1464 541 nee
1480 500 1529 542 re·

212 575 297 649 quiet
311 573 468 646 desidiose,
486 573 549 630 lens
564 574 620 630 erit
632 573 679 630 dei
692 573 753 631 nine
766 569 892 644 fastidio,
909 573 971 630 eine
985 570 1113 642 deseetn3
1131 570 1238 627 nollem
1251 570 1280 626 in
1295 571 1388 626 enimn
1402 571 1527 642 taedium,

211 662 311 720 nullm
328 661 413 719 letor
430 661 459 716 in
477 675 616 732 corpore,
634 660 713 718 nnlln
730 661 900 734 indigentia,
918 675 971 717 nee
988 665 1052 731 tne,
1069 659 1115 718 eni
1133 658 1279 715 subveniri
1296 658 1455 729 desideres,
1473 675 1528 716 neo

211 747 345 822 proximi,
363 748 408 805 oni
426 747 577 804 subvenire
595 744 721 805 lestines
748 763 845 806 omnes
864 747 974 804 deliniet
992 747 1060 804 dens
1078 745 1135 804 erit
1151 750 1182 802 et
1199 743 1317 802 satietur
1335 749 1442 802 senetoe
1456 745 1528 802 eivi-

212 835 285 894 uti·
300 835 331 892 in
348 833 401 892 illo
418 839 448 890 et
466 833 501 890 de
519 831 573 891 iilo
591 833 736 906 sapienter
754 833 892 906 mamque
909 833 1040 890 viventis.
1075 835 1209 905 inermies
1228 831 1263 887 de
1281 832 1388 888 mteeh.
1404 833 1465 888 rod.
1481 835 1527 892 tr.

304 919 338 976 V.
356 921 482 977 53-58.
509 919 590 978 Sient
607 936 680 977 nuno
697 936 802 993 eorpus
819 919 940 978 enimele
960 921 1076 991 dieitur,
1112 920 1188 992 quod
1205 924 1298 976 temen
1317 933 1436 992 eorpus,
1467 932 1529 976 non
1642 952 1643 1008 ἶ

210 1007 308 1066 utne
325 1009 382 1064 eet:
400 1006 443 1062 its
459 1011 526 1064 tono
543 1007 672 1080 spiritale
690 1023 794 1082 eorpus
812 1008 875 1080 erit,
893 1005 997 1081 'eorpne
1011 1013 1113 1080 tomen,
1137 1015 1195 1066 non
1208 1007 1326 1080 spiritur
1339 1007 1402 1064 erit
1419 1009 1527 1079 ,tumst
1642 1011 1643 1070 ξ

211 1094 407 1237 monulfi&
438 1180 491 1240 iiie
517 1180 636 1240 lienien
662 1195 772 1238 nennen
798 1179 854 1238 den
880 1175 1117 1238 notentmdenen
1144 1181 1213 1239 Leib
1238 1179 1324 1252 χιτών
1350 1177 1530 1258 ἀφθαρσίας.

210 1268 284 1342 m
302 1269 346 1414 li..
356 1355 398 1412 8³.
424 1359 528 1412 return
546 1354 639 1412 eernie
656 1359 723 1428 poet
740 1353 977 1414 remeationem
995 1350 1166 1429 gloriioete.
1191 1353 1275 1411 litter.
1293 1353 1322 1410 in
1339 1370 1382 1426 ps.
1400 1356 1426 1425 2,
1445 1369 1468 1410 e
1482 1357 1528 1428 2⁷,

257 1709 345 1786 ³05.
376 1709 437 1784 lle
461 1709 576 1810 glorie
603 1706 751 1782 oeternis
771 1707 974 1782 Jerusalem
1001 1705 1121 1808 quood
1147 1705 1248 1780 dotes
1272 1703 1480 1806 glorificator

707 1830 840 1902 enimse.
874 1827 1036 1930 hymnus.

208 2055 286 2124 Neo
307 2053 475 2138 quisqam
498 2056 601 2124 oeulis
623 2056 719 2142 vidit,
896 2056 954 2128 Sie
976 2080 1068 2127 mene
1090 2059 1225 2129 hebebit
1245 2071 1392 2132 tenorem
1480 2066 1528 2131 25
1644 2101 1645 2104 π

256 2181 364 2246 neque
386 2163 461 2229 ullis
484 2163 649 2248 sensibus,
939 2166 1049 2230 totalis
1072 2166 1232 2250 soientiae,

207 2281 276 2334 nee
298 2263 370 2350 quis
393 2266 541 2350 negitare
563 2266 660 2332 seivit
896 2268 1046 2336 emieitiee
1068 2268 1251 2351 dulcorem,

257 2370 301 2436 de
323 2368 444 2436 mundo
466 2369 670 2453 viventibus,
938 2371 1031 2455 penis
1052 2389 1094 2438 eo
1115 2372 1315 2458 eoneordiae,

210 2491 311 2562 quem
332 2474 420 2540 bone
441 2471 524 2538 dens
546 2471 696 2557 promisit
822 2473 843 2537 5
894 2475 1049 2562 pietatem
1071 2483 1105 2544 et
1125 2475 1283 2544 honorem

257 2577 314 2645 hie
335 2596 373 2644 se
396 2577 614 2662 diligentibus.
938 2579 1087 2664 gaudens
1108 2581 1339 2649 securrissimo.
1479 2582 1527 2648 30

210 2760 252 2830 si
275 2781 355 2832 eero
378 2760 563 2848 glorificate
893 2765 958 2854 Eje
981 2787 1077 2854 quam
1097 2770 1178 2836 mire
1200 2770 1358 2854 gaudebit

257 2867 345 2934 dona
368 2869 456 2952 oepit
478 2869 572 2952 tolie,
719 2933 721 2940 ,
938 2873 1036 2936 heom
1059 2879 1137 2938 tuno
1160 2873 1282 2958 anime,

209 2971 322 3038 anime
343 2971 441 3054 plene
464 2973 563 3036 beata
894 2991 967 3040 eum
990 2975 1238 3060 cirumquaque
1258 2977 1392 3044 habebit
1522 3041 1526 3046 .

223 3095 227 3104 ·
254 3073 391 3140 hebebit
414 3091 435 3138 o
457 3073 566 3156 qualia
800 3074 841 3138 10
937 3084 1004 3142 tem
1027 3078 1183 3146 immensa
1205 3081 1342 3166 gaudie,

208 3175 276 3245 sibi
297 3175 384 3243 nude
407 3174 556 3242 revelati
890 3197 955 3246 nee
976 3181 1043 3247 ullo
1068 3204 1209 3267 unquam
1231 3185 1362 3270 egebit,
1480 3187 1528 3251 35

225 3343 229 3349 .
256 3277 371 3364 sponsi
394 3280 442 3345 sui
466 3277 588 3362 glorii!
937 3293 1076 3368 augetur
1099 3305 1163 3370 quo
1187 3289 1302 3372 glorie.

204 3467 262 3539 lbi
282 3486 422 3551 nemque
445 3465 651 3533 sciendorum
893 3469 987 3538 Omni
1008 3493 1106 3541 sensu
1130 3478 1286 3543 sensitive

251 3570 354 3656 plene
375 3571 551 3656 sapientie,
935 3578 1052 3661 vigens
1075 3580 1171 3647 deum
1194 3584 1313 3650 sentiet

204 3682 400 3742 dumetorum
422 3694 462 3742 eo
485 3673 688 3758 singulorum
797 3665 838 3737 1'5
890 3689 1063 3766 menteque
1085 3685 1284 3750 intellective

250 3795 390 3844 eonoors
414 3779 570 3861 amititia,
932 3787 1023 3852 olere
1046 3789 1133 3855 huno
1154 3790 1329 3876 intelliget,
1476 3793 1526 3857 40

199 3889 391 3950 nostrorum
412 3893 450 3952 ut
473 3886 639 3952 oculorum
890 3910 985 3975 quem
1007 3894 1206 3978 amplectens
1229 3896 1350 3961 unitive

152 4057 154 4062 ,
240 3985 392 4070 jocunda
415 3989 600 4059 eoncordia.
932 4015 1033 4083 supra
1054 4005 1195 4064 mentem
1220 3999 1342 4084 diliget.

195 4170 251 4244 liri
272 4192 363 4240 veree
384 4177 516 4260 pietatis
887 4181 988 4249 Vultu
1010 4186 1122 4270 sponsi
1145 4186 1208 4252 erit
1229 4187 1307 4254 loeta

241 4275 391 4359 gloriosa
413 4278 569 4366 dignitas,
790 4282 834 4348 20
929 4293 1007 4353 tune
1029 4289 1081 4352 vis
1104 4290 1292 4376 irascibilis,

198 4379 339 4465 singulis
361 4390 397 4449 ut
419 4384 472 4449 dei
494 4389 578 4454 natis
886 4395 1118 4458 summobono
1141 4401 1218 4460 tune
1242 4396 1352 4479 quiete
1471 4399 1523 4464 45

242 4487 378 4558 honoris
401 4492 594 4576 sublimitas,
928 4495 980 4559 vis
1004 4498 1283 4584 concupiscibilis,

192 4591 352 4674 gaudium
374 4597 566 4664 eternitatis
676 4633 680 4638 ·
884 4603 1018 4682 totaque
1041 4620 1123 4667 vero
1146 4604 1274 4688 repleta

239 4712 386 4784 veraque
408 4704 578 4772 securitas.
928 4703 979 4790 vie
1003 4706 1214 4776 rationabilis.
