3280 5358
1384 293 1432 358 db

208 465 240 517 13
268 466 340 518 nauh
359 465 421 518 dem
440 464 588 518 Versmass
613 463 669 518 soll
695 465 841 518 entweder
867 471 909 534 qni
928 467 997 522 oder
1016 473 1054 522 cet
1072 471 1258 540 wegbleiben.
1307 477 1338 528 15
1365 492 1429 546 per·

116 552 202 607 ducat
219 553 267 607 Hs.
304 554 336 606 18
356 553 412 606 und
433 554 464 606 19
484 553 546 606 sind
565 551 739 619 verdorben,
759 552 787 604 in
807 555 840 605 19
859 553 897 608 ist
916 571 974 608 cum
994 557 1204 627 wegzulassen‚
1230 561 1285 614 und
1307 563 1339 615 18
1358 564 1427 618 viel·

117 639 204 692 leieht
223 657 257 693 zu
275 639 367 693 lesen:
389 640 511 693 earrimus
530 640 559 694 in
578 641 673 694 choro.

205 744 237 797 V.
256 747 279 797 1.
306 745 409 820 βρέφος
438 739 608 800 αἰιοτίκιεται
639 741 654 799 ὁ
684 743 890 819 δημιουργήσας
917 746 981 808 τοὺς
1005 746 1113 812 αἰῶνας.
1153 751 1210 806 oct
1237 755 1277 806 15.
1323 755 1428 830 βρέφος

113 827 252 906 ὁρώμενος
274 829 288 886 ὁ
307 829 472 905 προαιώνιος
491 831 566 894 θεός.
605 831 669 886 Dec.
688 833 730 886 20.
774 830 870 902 νήπιος
897 829 1082 892 ιῖνιιὸἐδεικιαι
1110 837 1216 894 πάντων
1244 839 1295 896 ιών
1320 841 1426 899 αἰώνων

116 916 131 974 ὁ
152 917 255 994 κύριος.
284 921 342 975 Oct.
361 923 384 974 9.
421 920 473 986 Qui
491 927 554 975 erat
572 917 645 974 filius
665 920 718 988 dei,
737 920 781 974 hie
801 937 833 974 ex
849 921 937 976 llarie
955 938 1024 992 puer
1043 931 1125 980 natus
1145 933 1187 980 est
1201 927 1281 982 rrobis
1301 935 1330 984 et
1344 930 1426 985 datus

120 1014 166 1064 est
184 1009 281 1076 nobis3
300 1009 374 1078 quod
392 1009 463 1062 enim
483 1024 568 1078 supra
586 1025 639 1066 nos
658 1014 710 1074 est,
730 1007 826 1076 datur3
840 1009 921 1076 'quod
940 1009 974 1063 de
993 1011 1065 1066 eeelo
1085 1019 1136 1082 est,
1155 1014 1245 1068 datur.
1264 1017 1354 1086 nobie,
1372 1017 1427 1074 hoe

122 1101 167 1150 est
186 1095 370 1163 credentibus,
388 1113 443 1149 non
462 1095 621 1149 incredulis.
657 1095 773 1148 Ambrou.
791 1095 826 1148 de
846 1091 900 1149 fide
919 1097 944 1160 3,
965 1097 988 1150 8.

215 1183 245 1236 V.
264 1186 287 1237 9.
314 1184 441 1238 Persona
459 1183 579 1238 Herodis
598 1182 757 1254 hypocritae
776 1182 973 1254 designantur,
992 1185 1120 1256 quidum
1139 1185 1204 1243 fiete
1223 1199 1363 1262 quaerunt,
1388 1193 1429 1248 in·

122 1270 217 1332 venire
237 1270 375 1325 dominum
394 1287 532 1340 nunquam
550 1275 697 1324 merentur.
735 1270 845 1339 (ἔνεμον.
862 1271 896 1324 M.
915 1271 986 1324 hom.
1006 1271 1033 1326 in
1052 1289 1095 1327 ev.
1115 1278 1138 1344 1,
1158 1278 1200 1344 10,
1219 1277 1242 1332 3.

207 1357 240 1410 V.
260 1361 301 1410 15.
331 1357 432 1428 gratia.
459 1358 554 1414 Ueber
579 1357 623 1410 die
641 1356 894 1428 Menschwerdung
919 1357 1017 1414 Gottes
1042 1377 1093 1416 aus
1112 1362 1208 1418 Gnade
1234 1373 1299 1439 negt
1317 1369 1428 1426 Aneelm

120 1445 194 1500 Cant.
227 1445 285 1501 Gur
305 1445 372 1498 deus
390 1446 482 1500 bomo.
500 1449 525 1512 2,
544 1447 561 1496 5
587 1459 660 1515 genn
677 1443 795 1514 riuhtig:
816 1443 840 1498 ei
859 1445 926 1498 deus
944 1443 1014 1500 feeit
1035 1447 1137 1504 bonurn
1155 1451 1274 1520 homini,
1293 1456 1367 1525 quod
1387 1457 1428 1512 in·

119 1533 210 1602 cepit,
229 1533 297 1587 lieet
314 1549 370 1586 non
392 1533 491 1586 deceat
508 1548 569 1586 eum
588 1531 699 1590 abono
717 1531 830 1600 incepto
849 1529 982 1600 deficere,
1001 1539 1090 1590 totum
1109 1539 1210 1608 gratie
1229 1541 1361 1598 debemur
1379 1543 1429 1600 im·

118 1627 238 1691 putare,
257 1622 393 1690 quiahoc
411 1626 530 1691 propter
548 1637 614 1688 nos,
633 1637 688 1675 non
706 1625 824 1690 propter
843 1637 888 1688 ee,
907 1621 1009 1676 nullius
1029 1639 1124 1694 egene,
1143 1627 1252 1698 incepit
1280 1632 1428 1686 nonenim

119 1708 198 1762 illum
217 1709 315 1776 latuit,
345 1709 409 1778 quid
429 1709 512 1763 homo
532 1707 658 1763 fauturus
677 1713 753 1775 erat,
781 1723 841 1762 eum
861 1707 938 1762 illum
958 1707 1039 1780 feeit,
1072 1718 1100 1766 et
1119 1719 1211 1768 tannen
1229 1715 1355 1772 bonitate
1375 1734 1426 1774 sua

115 1795 195 1849 illum
215 1797 337 1852 creando
356 1803 457 1867 sponte
476 1814 515 1867 ee,
535 1804 566 1852 ut
583 1795 732 1868 perficeret
751 1797 890 1866 inceptum
908 1799 1019 1866 bonum,
1040 1801 1119 1869 quasi
1139 1801 1285 1874 obligarit.

207 1884 238 1937 V.
259 1887 299 1936 17.
332 1882 404 1959 ἀρχὴ
424 1891 469 1940 καὶ
487 1889 563 1949 τέλος
582 1885 688 1948 αἰῶνας.
717 1887 794 1940 Clem.
812 1887 888 1942 Alex.
913 1888 983 1958 paed.
1007 1890 1033 1956 2,
1051 1889 1075 1942 8.
1112 1889 1205 1944 Daher
1224 1891 1273 1944 hat
1292 1906 1324 1944 er
1343 1891 1426 1946 keine

117 1970 179 2024 Zeit
198 1971 241 2025 als
261 1972 304 2025 die
319 1972 497 2044 Gegeuwert.
533 1973 711 2028 Praeteritum
729 1981 758 2028 et
776 1971 900 2028 futurum
918 1981 1026 2046 tempus
1046 1975 1178 2031 divinitus
1193 1993 1247 2032 non
1262 1977 1355 2046 hebet,
1374 1977 1425 2034 sed

118 2075 228 2128 semper
247 2075 309 2113 esse
328 2061 419 2115 hebet.
456 2062 564 2132 Greqer.
582 2065 617 2118 M.
636 2064 709 2118 hom.
726 2064 755 2118 in
774 2077 817 2115 ev.
838 2065 861 2130 1,
883 2065 923 2132 18,
942 2066 966 2118 3.

628 2348 688 2420 49.
727 2347 785 2418 De
813 2345 944 2459 eedem.

113 2525 192 2592 Dies
216 2533 266 2588 est
288 2526 429 2605 laetitiae’
796 2499 900 2562 Natus
923 2507 973 2562 est
995 2499 1199 2580 Emmanuel,

111 2651 188 2694 nam
207 2631 368 2712 prooessit
387 2627 484 2692 hodie
799 2621 892 2683 ‘luem
914 2602 1068 2684 Pfaedlxll
1091 2601 1236 2684 Gabriel>

112 2731 263 2797 Christus
286 2751 346 2794 rex
369 2731 410 2792 de
433 2705 561 2812 virgine
797 2703 944 2822 Chll⁸l¹¹⁸
967 2728 1027 2823 fe}
1050 2706 1091 2770 ‘1⁰
1114 2707 1241 2791 Virgine
1382 2709 1421 2774 1⁰

204 2837 273 2900 sine
295 2835 383 2898 virog
883 2827 951 2873 sme
974 2828 1046 2874 viro
1070 2818 1129 2874 ete.

110 2948 246 3030 virgula
269 2945 310 3008 de
332 2947 430 3029 flore,
661 2909 665 2916 ⁵
723 2950 744 3008 '5
795 2945 887 3030 Ergo
910 2955 1023 3011 nostre
1046 2949 1159 3012 eoneio

111 3049 154 3114 de
180 3049 311 3130 virgula
333 3047 394 3111 flos
793 3050 967 3140 benedicet
990 3051 1127 3116 domino.

201 3150 297 3214 modo
320 3151 409 3212 miro.
793 3151 941 3217 Christus
964 3175 1023 3218 rex
1048 3155 1088 3218 de
1112 3155 1239 3238 virgine
1262 3165 1322 3222 eto.

169 3306 173 3317 ·
202 3285 248 3339 Hs.
273 3286 322 3340 der
340 3283 582 3340 Stadtbibliothek
607 3301 642 3338 zu
661 3283 759 3355 Trier‚
787 3287 839 3344 No.
866 3291 925 3342 724.
948 3289 999 3344 mit
1026 3289 1076 3344 der
1093 3291 1233 3360 llelodie,
1265 3295 1306 3346 15.
1323 3292 1419 3350 Jahrn

201 3409 218 3460 6
237 3407 298 3461 dem
316 3407 411 3461 Reime
435 3407 509 3462 nach
534 3408 572 3462 iet
595 3407 646 3462 der
664 3407 738 3462 Vere
756 3408 833 3465 nieht
852 3409 972 3481 riehtig‚
1005 3414 1075 3468 aber
1093 3415 1165 3468 ohne
1183 3412 1267 3470 lliilse
1284 3431 1341 3470 von
1358 3415 1420 3470 fles.

110 3495 190 3550 nieht
207 3512 242 3548 zu
256 3494 378 3563 dudem,
403 3495 474 3549 deun
495 3495 546 3548 des
567 3495 730 3565 Wortspiel
747 3497 890 3554 nwischen
908 3498 1007 3570 virgo,
1034 3500 1078 3555 vir
1095 3501 1151 3556 und
1169 3502 1252 3572 virge
1268 3519 1344 3558 muse
1362 3502 1420 3557 bei·

109 3583 244 3637 behalten
262 3583 384 3638 werden.
943 3604 945 3616 .

202 3686 235 3740 V.
254 3691 277 3741 1.
304 3687 441 3742 exsultate
456 3687 543 3760 justi,
561 3689 665 3743 natalis
684 3695 728 3744 est
741 3687 948 3762 justificatoris.
976 3693 1115 3746 exsultate
1134 3692 1240 3746 debiles
1259 3695 1288 3746 et
1306 3691 1418 3763 egroti,

114 3775 214 3828 natalis
234 3781 278 3830 est
295 3776 455 3830 salvatoris.
490 3776 614 3830 exultate
634 3777 753 3846 captivi,
778 3779 882 3832 natalis
902 3784 946 3832 est
963 3778 1138 3833 redemtoris.
1176 3778 1316 3834 exsultent
1334 3779 1419 3849 servi,

113 3860 214 3915 natalis
234 3868 277 3916 est
298 3863 472 3917 dominantis.
506 3863 645 3918 exsultent
663 3863 761 3933 liberi,
789 3865 892 3919 natalis
918 3870 961 3919 est
979 3863 1133 3919 liberantis.
1165 3863 1303 3918 exsultent
1322 3879 1418 3920 omnes

109 3948 264 4019 christiani,
283 3950 387 4004 natalis
407 3955 450 4004 est
470 3949 581 4006 Christi.
618 3951 646 4006 S.
664 3954 768 4022 Anqust.
788 3969 867 4006 serm.
887 3953 947 4020 184,
966 3955 989 4005 2.
1026 3952 1090 4008 llan
1108 3949 1238 4005 bemerke
1258 3951 1303 4005 die
1321 3952 1419 4008 Reime

110 4036 139 4090 in
158 4036 254 4090 diesen
273 4035 384 4092 Sdtzen.

201 4123 233 4176 V.
252 4127 275 4178 5.
303 4125 397 4179 Deher
425 4123 474 4177 der
500 4123 612 4198 hdufige
637 4127 797 4184 Ausdruek:
826 4127 873 4199 τῆς
896 4133 1054 4204 παρθενίας
1074 4127 1170 4192 ἄνθος.
1199 4127 1416 4200 01ννιαι1.(1ιε.

107 4211 229 4266 Bernice
249 4214 273 4265 t.

608 4455 665 4527 50.
705 4457 763 4528 De
791 4457 921 4530 eadem.

107 4607 252 4674 Verbum
276 4628 352 4674 earo
375 4609 494 4673 taetmn
518 4618 568 4673 est
789 4615 821 4677 in
845 4617 907 4680 hoe
931 4616 1005 4680 anni
1028 4616 1149 4680 eireulo

153 4733 194 4777 ex
217 4714 343 4796 virgine
366 4713 486 4796 Maria,
790 4718 856 4783 vita
879 4717 973 4783 detur
996 4719 1116 4783 saeculo

151 4827 237 4877 illene,
254 4823 336 4874 retem.
353 4825 474 4882 Hymnen.
498 4826 517 4871 ῐ.
1179 4801 1200 4863 5
