3316 5358
192 502 269 587 quid
293 500 475 568 divitiarum
496 501 693 584 nugacitas?

193 628 234 674 en
255 602 455 672 Acherontis
477 609 572 669 tetrae
715 607 757 671 70

191 713 340 794 premunt
362 723 422 770 nos
445 703 557 788 undae,

189 807 414 892 Pblegctontis
436 806 564 888 ignitae,

191 909 310 994 Cocyti
330 909 489 973 luctuosae

190 1013 361 1078 involvunt
384 1029 443 1075 nos
465 1030 582 1094 poenae.

190 1115 290 1200 Stygi
311 1116 377 1179 heu
398 1115 600 1182 miserabiles
715 1119 756 1180 '15

189 1227 428 1308 inmerguntur,

191 1327 232 1392 de
256 1345 319 1412 quo
343 1346 480 1410 surgere

189 1432 279 1514 nulla
297 1432 368 1516 jam
391 1449 468 1515 spes

191 1552 265 1598 esse
287 1527 425 1617 potest.“
558 1592 560 1602 ,

134 1696 165 1763 V.
188 1691 355 1762 Ardentes
377 1695 493 1762 animae
713 1693 755 1758 80

190 1797 271 1864 flent
295 1797 468 1882 siccine,

191 1902 356 1967 ambulant
377 1923 438 1986 per
460 1901 613 1968 tenebras

190 2006 364 2089 dicuntque
387 2007 539 2088 singulae,

191 2127 264 2192 „vac
286 2128 339 2170 vae
362 2126 430 2187 vae,
455 2113 584 2187 quantae

194 2217 267 2274 sunt
289 2203 471 2275 tenebrae!“
713 2209 755 2273 85

7 2389 8 2418 ³
134 2375 165 2440 V.
187 2372 289 2456 Deus,
313 2372 382 2436 vita
398 2370 588 2455 viventium,

6 2791 11 2938 l

6 3095 11 3270 l

6 4381 8 4404 '
132 4399 164 4466 V.
186 4395 309 4464 Audite
331 4415 417 4462 nunc
438 4402 605 4480 potentes,

6 4545 9 4650 t

6 4995 10 5130 l

189 2495 266 2562 spes
292 2475 495 2540 morientium

189 2579 341 2660 salusque
365 2575 504 2641 omnium

188 2683 222 2748 in
244 2691 277 2748 te
300 2681 512 2766 sperantium,

188 2786 345 2850 miserere
367 2784 507 2848 omnium
713 2781 754 2846 90

189 2909 232 2954 ex
253 2889 316 2954 bac
337 2889 410 2954 luce
433 2885 647 2969 migrantium.

131 3072 163 3138 V.
187 3069 282 3154 0pie
296 3069 410 3154 judex,
432 3075 468 3133 tu
486 3067 644 3152 judicium
667 3075 755 3133 tuum

187 3181 278 3240 tanto
304 3181 379 3238 ante
396 3173 621 3256 pronuntiasti,
645 3179 680 3237 tu
694 3193 754 3256 pa·
840 3203 845 3208 1

813 3304 844 3370 V.
867 3299 1017 3368 Pretiosa
1051 3318 1138 3366 mors
1178 3307 1363 3365 sanctorum
1401 3299 1435 3363 in

186 3283 277 3342 ratos
307 3293 418 3340 omnes
446 3275 593 3340 invenire
623 3273 754 3339 deside·

186 3381 283 3463 rasti,
319 3379 379 3444 scd
417 3379 492 3464 quia
526 3396 604 3445 carc
636 3397 754 3462 sumus,

187 3483 312 3550 vadens
337 3489 371 3546 et
387 3501 453 3547 non
466 3482 597 3548 rediens
612 3483 753 3568 spiritus,

187 3588 334 3654 inducias
356 3593 446 3668 tuas,
473 3606 554 3670 quas
577 3595 654 3652 antc
675 3605 754 3653 ccu-

186 3695 239 3760 los
262 3693 370 3759 cordis
398 3711 527 3776 semper
549 3691 672 3757 habere
695 3690 754 3756 de-

188 3797 330 3878 buimus,
367 3794 432 3859 heu
460 3794 648 3876 frequenter
671 3795 754 3859 obli·

187 3901 357 3982 viscimur3
400 3899 507 3983 gratia
549 3906 655 3963 autern
697 3905 754 3963 tua

188 4005 372 4072 commoniti
408 4001 581 4086 aliquando
614 4003 753 4086 ingemi-

188 4109 322 4192 scimus,
358 4116 456 4191 teque
485 4109 676 4174 clementem
702 4107 753 4172 in·

190 4214 304 4280 venire
326 4213 559 4278 desideramus.

188 4500 387 4587 respondete
411 4499 544 4583 divites,

190 4609 266 4693 quid
288 4609 382 4675 vobis
404 4607 545 4688 confert,

188 4715 218 4780 si
231 4721 332 4780 totum
346 4713 499 4781 mundum
511 4707 689 4794 lucremini,
712 4707 753 4774 05
863 4771 866 4774 ,

871 505 949 584 post
969 504 1106 562 mortem
1128 517 1209 564 vero

871 602 1008 668 flammis
1033 601 1226 668 damnemini

871 705 1195 790 inextinguibilibus?

870 827 937 874 non
957 809 1034 874 inde
1060 826 1120 874 vos
1143 816 1236 876 eruet
1256 809 1394 898 luxuria,

872 931 935 978 nec
956 913 1108 978 liberabit
1129 914 1285 998 potentia,
1376 917 1439 984 100

869 1009 1451 1101 neceducetsatcllitumfrequentiat'

871 1119 950 1186 nudi
970 1119 1037 1186 illic
1060 1137 1100 1184 ac
1121 1119 1261 1184 famelici

871 1225 996 1290 stabitis
1018 1223 1134 1308 inopes
1158 1231 1191 1288 et
1212 1225 1329 1291 miseri.

871 1327 936 1392 heu
972 1327 1036 1392 beu
1072 1327 1136 1393 beu
1172 1347 1231 1394 cur
1265 1348 1331 1395 non
1362 1337 1439 1398 ante

1200 1433 1312 1499 oculos

871 1533 1026 1600 reducitis
1417 1539 1438 1604 5

872 1637 957 1702 diem
979 1639 1126 1722 longam,

872 1740 957 1806 diem
978 1761 1145 1826 magnam,

872 1845 958 1910 diem
980 1850 1147 1931 acerbam,

872 1951 957 2016 diem
980 1949 1118 2036 denique
1141 1951 1332 2018 calamitatis

872 2059 905 2118 et
926 2054 1066 2119 miseriae
1087 2053 1226 2142 plenam.
1396 2053 1437 2119 10

816 2269 847 2334 V.
869 2266 977 2334 Pensa
997 2271 1162 2351 mortalis,
1199 2271 1274 2352 quia
1295 2270 1342 2336 nil
1363 2279 1437 2337 sunt

1072 2371 1193 2454 gaudia
1215 2373 1331 2456 carnis,

871 2492 945 2556 quae
959 2473 1102 2557 quisquis
1115 2475 1268 2558 sequitur,
1288 2475 1331 2540 ad
1344 2483 1436 2541 tene·

1068 2579 1146 2646 bras
1159 2579 1294 2664 rapitur.
1324 2579 1365 2648 Ic
1378 2583 1435 2648 dic.

815 2797 847 2862 V.
870 2793 897 2860 0
921 2814 1017 2881 quam
1039 2795 1111 2860 dira
1132 2795 1291 2880 conditio,

870 2920 943 2985 quae
965 2921 1008 2966 ex
1029 2898 1116 2968 Adae
1137 2901 1218 2966 sitio

869 3024 930 3070 nos
943 3005 1112 3091 perdendo
1131 3007 1230 3070 traxit
1242 3005 1435 3091 primordia!

1069 3109 1109 3176 Io
1132 3113 1188 3176 die.
1384 3110 1434 3174 '15

1066 3410 1244 3486 conspectu
1266 3401 1394 3486 domini,

871 3527 967 3592 quam
980 3507 1108 3589 felices,
1132 3507 1247 3589 quibus
1262 3505 1387 3571 dicetur
1399 3506 1435 3571 in

1068 3610 1121 3675 die
1139 3608 1272 3693 judicii:

868 3718 978 3782 venite
1002 3713 1096 3800 [vos]
1120 3713 1299 3794 benedicti,
1330 3711 1454 3797 patris·

888 3806 894 3820 ¹
1068 3819 1181 3886 summi
1203 3817 1276 3884 filii!
1325 3885 1328 3891 ,

867 3983 955 4052 Ecce
969 3983 1063 4049 vobis
1078 3979 1173 4045 trado
1187 4000 1331 4064 regnum,
1346 3979 1434 4065 quod

1071 4083 1150 4149 dare
1173 4083 1326 4170 disposui.

868 4211 931 4279 pro
948 4212 1000 4258 me
1016 4189 1143 4276 quidem
1156 4191 1326 4275 respuistis
1340 4190 1434 4256 blan·

1068 4295 1210 4360 dimenta
1223 4294 1346 4376 saeculi,
1391 4293 1435 4355 20

868 4399 1051 4487 possidete,
1087 4396 1174 4480 quod
1211 4395 1334 4460 terreni
1369 4410 1436 4462 non

1068 4501 1225 4567 videbunt
1247 4497 1340 4564 oculi.
1450 4589 1455 4598 .

851 4691 907 4736 Η
