<?xml version="1.0" encoding="UTF-8"?>
<!DOCTYPE html PUBLIC "-//W3C//DTD XHTML 1.0 Transitional//EN"
    "http://www.w3.org/TR/xhtml1/DTD/xhtml1-transitional.dtd">
<html xmlns="http://www.w3.org/1999/xhtml" xml:lang="en" lang="en">
 <head>
  <title>
</title>
<meta http-equiv="Content-Type" content="text/html;charset=utf-8" />
  <meta name='ocr-system' content='tesseract 3.04.00' />
  <meta name='ocr-capabilities' content='ocr_page ocr_carea ocr_par ocr_line ocrx_word'/>
</head>
<body>
  <div class='ocr_page' id='page_1' title='image "./hymnilatinimedi01monegoog_0433.png"; bbox 0 0 3316 5358; ppageno 0'>
   <div class='ocr_carea' id='block_1_1' title="bbox 207 332 281 400">
    <p class='ocr_par' dir='ltr' id='par_1_1' title="bbox 207 332 281 400">
     <span class='ocr_line' id='line_1_1' title="bbox 207 332 281 400; baseline 0 0"><span class='ocrx_word' id='word_1_1' title='bbox 207 332 281 400; x_wconf 61' lang='lat'>{2⁰</span> 
     </span>
    </p>
   </div>
   <div class='ocr_carea' id='block_1_2' title="bbox 208 517 595 852">
    <p class='ocr_par' dir='ltr' id='par_1_2' title="bbox 210 517 533 588">
     <span class='ocr_line' id='line_1_2' title="bbox 210 517 533 588; baseline -0.022 -8"><span class='ocrx_word' id='word_1_2' title='bbox 210 519 313 588; x_wconf 76' lang='lat' dir='ltr'>fleme,</span> <span class='ocrx_word' id='word_1_3' title='bbox 331 517 377 574; x_wconf 79' lang='lat' dir='ltr'>nsi</span> <span class='ocrx_word' id='word_1_4' title='bbox 394 523 533 588; x_wconf 77' lang='lat' dir='ltr'>ereatura,</span> 
     </span>
    </p>

    <p class='ocr_par' dir='ltr' id='par_1_3' title="bbox 209 605 570 662">
     <span class='ocr_line' id='line_1_3' title="bbox 209 605 570 662; baseline -0.006 0"><span class='ocrx_word' id='word_1_5' title='bbox 209 617 264 662; x_wconf 83' lang='lat' dir='ltr'>aar</span> <span class='ocrx_word' id='word_1_6' title='bbox 281 605 310 660; x_wconf 90' lang='lat' dir='ltr'>in</span> <span class='ocrx_word' id='word_1_7' title='bbox 328 619 413 662; x_wconf 84' lang='lat' dir='ltr'>earne</span> <span class='ocrx_word' id='word_1_8' title='bbox 431 605 570 660; x_wconf 71' lang='lat' dir='ltr'>maritari</span> 
     </span>
    </p>

    <p class='ocr_par' dir='ltr' id='par_1_4' title="bbox 208 691 595 852">
     <span class='ocr_line' id='line_1_4' title="bbox 208 691 595 763; baseline -0.008 -13"><span class='ocrx_word' id='word_1_9' title='bbox 208 697 259 750; x_wconf 81' lang='lat' dir='ltr'>est</span> <span class='ocrx_word' id='word_1_10' title='bbox 271 697 329 748; x_wconf 85' lang='lat' dir='ltr'>tam</span> <span class='ocrx_word' id='word_1_11' title='bbox 345 705 439 763; x_wconf 76' lang='lat' dir='ltr'>parva</span> <span class='ocrx_word' id='word_1_12' title='bbox 455 691 508 747; x_wconf 82' lang='lat' dir='ltr'>tibi</span> <span class='ocrx_word' id='word_1_13' title='bbox 525 705 595 747; x_wconf 84' lang='lat' dir='ltr'>nara</span> 
     </span>
     <span class='ocr_line' id='line_1_5' title="bbox 248 779 542 852; baseline -0.007 -16"><span class='ocrx_word' id='word_1_14' title='bbox 248 779 283 836; x_wconf 79' lang='lat' dir='ltr'>de</span> <span class='ocrx_word' id='word_1_15' title='bbox 301 783 410 836; x_wconf 72' lang='lat' dir='ltr'>aterna</span> <span class='ocrx_word' id='word_1_16' title='bbox 427 779 542 852; x_wconf 63' lang='lat' dir='ltr'>gloria?</span> 
     </span>
    </p>
   </div>
   <div class='ocr_carea' id='block_1_3' title="bbox 207 924 667 1268">
    <p class='ocr_par' dir='ltr' id='par_1_5' title="bbox 210 924 667 997">
     <span class='ocr_line' id='line_1_6' title="bbox 210 924 667 997; baseline -0.004 -13"><span class='ocrx_word' id='word_1_17' title='bbox 210 925 307 996; x_wconf 77' lang='lat' dir='ltr'>illam,</span> <span class='ocrx_word' id='word_1_18' title='bbox 325 931 431 997; x_wconf 83' lang='lat' dir='ltr'>quanta</span> <span class='ocrx_word' id='word_1_19' title='bbox 449 926 501 994; x_wconf 88' lang='lat' dir='ltr'>sit,</span> <span class='ocrx_word' id='word_1_20' title='bbox 519 926 545 980; x_wconf 90' lang='lat' dir='ltr'>si</span> <span class='ocrx_word' id='word_1_21' title='bbox 562 924 667 996; x_wconf 71' lang='grc' dir='ltr'>ιιὶιιι,</span> 
     </span>
    </p>

    <p class='ocr_par' dir='ltr' id='par_1_6' title="bbox 207 1009 583 1085">
     <span class='ocr_line' id='line_1_7' title="bbox 207 1009 583 1085; baseline -0.003 -18"><span class='ocrx_word' id='word_1_22' title='bbox 207 1017 318 1085; x_wconf 76' lang='lat' dir='ltr'>prater</span> <span class='ocrx_word' id='word_1_23' title='bbox 335 1027 398 1067; x_wconf 89' lang='lat' dir='ltr'>eam</span> <span class='ocrx_word' id='word_1_24' title='bbox 414 1010 456 1066; x_wconf 94' lang='lat' dir='ltr'>nil</span> <span class='ocrx_word' id='word_1_25' title='bbox 473 1009 583 1080; x_wconf 86' lang='lat' dir='ltr'>sitires,</span> 
     </span>
    </p>

    <p class='ocr_par' dir='ltr' id='par_1_7' title="bbox 209 1097 664 1268">
     <span class='ocr_line' id='line_1_8' title="bbox 209 1097 664 1179; baseline -0.002 -24"><span class='ocrx_word' id='word_1_26' title='bbox 209 1113 266 1179; x_wconf 74' lang='lat' dir='ltr'>nse</span> <span class='ocrx_word' id='word_1_27' title='bbox 282 1103 350 1172; x_wconf 83' lang='lat' dir='ltr'>post</span> <span class='ocrx_word' id='word_1_28' title='bbox 366 1097 461 1154; x_wconf 79' lang='lat' dir='ltr'>mnndi</span> <span class='ocrx_word' id='word_1_29' title='bbox 480 1097 522 1154; x_wconf 86' lang='lat' dir='ltr'>sie</span> <span class='ocrx_word' id='word_1_30' title='bbox 541 1098 664 1154; x_wconf 85' lang='lat' dir='ltr'>ambires</span> 
     </span>
     <span class='ocr_line' id='line_1_9' title="bbox 226 1185 498 1268; baseline 0 -26"><span class='ocrx_word' id='word_1_31' title='bbox 226 1261 229 1268; x_wconf 19' lang='grc' dir='ltr'><em>ι</em></span> <span class='ocrx_word' id='word_1_32' title='bbox 247 1186 306 1243; x_wconf 86' lang='lat' dir='ltr'>eite</span> <span class='ocrx_word' id='word_1_33' title='bbox 323 1185 498 1244; x_wconf 86' lang='lat' dir='ltr'>transitoria.</span> 
     </span>
    </p>
   </div>
   <div class='ocr_carea' id='block_1_4' title="bbox 207 1329 669 1665">
    <p class='ocr_par' dir='ltr' id='par_1_8' title="bbox 207 1329 582 1405">
     <span class='ocr_line' id='line_1_10' title="bbox 207 1329 582 1405; baseline -0.008 -15"><span class='ocrx_word' id='word_1_34' title='bbox 207 1333 249 1396; x_wconf 76' lang='lat' dir='ltr'>lit</span> <span class='ocrx_word' id='word_1_35' title='bbox 266 1333 291 1388; x_wconf 86' lang='lat' dir='ltr'>si</span> <span class='ocrx_word' id='word_1_36' title='bbox 309 1347 408 1405; x_wconf 78' lang='lat' dir='ltr'>poenas</span> <span class='ocrx_word' id='word_1_37' title='bbox 426 1329 582 1388; x_wconf 74' lang='lat' dir='ltr'><strong>infernales</strong></span> 
     </span>
    </p>

    <p class='ocr_par' dir='ltr' id='par_1_9' title="bbox 208 1417 669 1492">
     <span class='ocr_line' id='line_1_11' title="bbox 208 1417 669 1492; baseline -0.009 -15"><span class='ocrx_word' id='word_1_38' title='bbox 208 1421 409 1492; x_wconf 73' lang='lat' dir='ltr'>cognovisses,</span> <span class='ocrx_word' id='word_1_39' title='bbox 426 1436 490 1492; x_wconf 78' lang='lat' dir='ltr'>qna</span> <span class='ocrx_word' id='word_1_40' title='bbox 508 1425 538 1477; x_wconf 88' lang='lat' dir='ltr'>et</span> <span class='ocrx_word' id='word_1_41' title='bbox 555 1417 669 1491; x_wconf 86' lang='lat' dir='ltr'>quales,</span> 
     </span>
    </p>

    <p class='ocr_par' dir='ltr' id='par_1_10' title="bbox 207 1506 566 1665">
     <span class='ocr_line' id='line_1_12' title="bbox 207 1506 539 1578; baseline -0.009 -13"><span class='ocrx_word' id='word_1_42' title='bbox 207 1509 276 1566; x_wconf 73' lang='lat' dir='ltr'>tuos</span> <span class='ocrx_word' id='word_1_43' title='bbox 293 1507 390 1578; x_wconf 83' lang='lat' dir='ltr'>ntique</span> <span class='ocrx_word' id='word_1_44' title='bbox 408 1506 539 1563; x_wconf 83' lang='lat' dir='ltr'>carnales</span> 
     </span>
     <span class='ocr_line' id='line_1_13' title="bbox 245 1589 566 1665; baseline -0.006 -16"><span class='ocrx_word' id='word_1_45' title='bbox 245 1592 390 1665; x_wconf 80' lang='lat' dir='ltr'>appetitas</span> <span class='ocrx_word' id='word_1_46' title='bbox 407 1589 566 1664; x_wconf 74' lang='lat' dir='ltr'>frangeres</span> 
     </span>
    </p>
   </div>
   <div class='ocr_carea' id='block_1_5' title="bbox 207 1740 587 2070">
    <p class='ocr_par' dir='ltr' id='par_1_11' title="bbox 208 1740 559 1809">
     <span class='ocr_line' id='line_1_14' title="bbox 208 1740 559 1809; baseline -0.009 -12"><span class='ocrx_word' id='word_1_47' title='bbox 208 1740 249 1797; x_wconf 74' lang='lat' dir='ltr'>Et</span> <span class='ocrx_word' id='word_1_48' title='bbox 265 1740 410 1794; x_wconf 88' lang='lat' dir='ltr'>innnmara</span> <span class='ocrx_word' id='word_1_49' title='bbox 426 1741 559 1809; x_wconf 79' lang='lat' dir='ltr'>pennata,</span> 
     </span>
    </p>

    <p class='ocr_par' dir='ltr' id='par_1_12' title="bbox 208 1811 547 1896">
     <span class='ocr_line' id='line_1_15' title="bbox 208 1811 547 1896; baseline -0.006 -16"><span class='ocrx_word' id='word_1_50' title='bbox 208 1811 400 1892; x_wconf 63' lang='lat' dir='ltr'>memiana,</span> <span class='ocrx_word' id='word_1_51' title='bbox 419 1823 547 1896; x_wconf 75' lang='lat' dir='ltr'>cogitata</span> 
     </span>
    </p>

    <p class='ocr_par' dir='ltr' id='par_1_13' title="bbox 207 1910 587 2070">
     <span class='ocr_line' id='line_1_16' title="bbox 207 1910 587 1969; baseline -0.013 0"><span class='ocrx_word' id='word_1_52' title='bbox 207 1915 306 1969; x_wconf 78' lang='lat' dir='ltr'>neate</span> <span class='ocrx_word' id='word_1_53' title='bbox 323 1911 387 1965; x_wconf 72' lang='lat' dir='ltr'>test</span> <span class='ocrx_word' id='word_1_54' title='bbox 404 1910 587 1966; x_wconf 74' lang='lat' dir='ltr'>consternata</span> 
     </span>
     <span class='ocr_line' id='line_1_17' title="bbox 243 1995 561 2070; baseline 0.003 -18"><span class='ocrx_word' id='word_1_55' title='bbox 243 1995 350 2054; x_wconf 87' lang='lat' dir='ltr'>merite</span> <span class='ocrx_word' id='word_1_56' title='bbox 369 1997 561 2070; x_wconf 75' lang='lat' dir='ltr'>deplangeres</span> 
     </span>
    </p>
   </div>
   <div class='ocr_carea' id='block_1_6' title="bbox 206 2141 661 2474">
    <p class='ocr_par' dir='ltr' id='par_1_14' title="bbox 206 2141 661 2396">
     <span class='ocr_line' id='line_1_18' title="bbox 208 2141 661 2214; baseline -0.004 -15"><span class='ocrx_word' id='word_1_57' title='bbox 208 2141 268 2200; x_wconf 79' lang='lat' dir='ltr'>&#39;let</span> <span class='ocrx_word' id='word_1_58' title='bbox 286 2146 351 2198; x_wconf 88' lang='lat' dir='ltr'>sant</span> <span class='ocrx_word' id='word_1_59' title='bbox 368 2142 472 2214; x_wconf 80' lang='lat' dir='ltr'>gandia</span> <span class='ocrx_word' id='word_1_60' title='bbox 491 2145 661 2212; x_wconf 82' lang='lat' dir='ltr'>sanatorum,</span> 
     </span>
     <span class='ocr_line' id='line_1_19' title="bbox 206 2214 611 2299; baseline -0.01 -12"><span class='ocrx_word' id='word_1_61' title='bbox 206 2214 255 2288; x_wconf 73' lang='lat' dir='ltr'>tit</span> <span class='ocrx_word' id='word_1_62' title='bbox 272 2232 412 2285; x_wconf 83' lang='lat' dir='ltr'>tormenta</span> <span class='ocrx_word' id='word_1_63' title='bbox 429 2219 611 2299; x_wconf 78' lang='lat' dir='ltr'>mia&#39;erornm,</span> 
     </span>
     <span class='ocr_line' id='line_1_20' title="bbox 207 2313 613 2396; baseline -0.01 -22"><span class='ocrx_word' id='word_1_64' title='bbox 207 2331 275 2396; x_wconf 74' lang='lat' dir='ltr'>quse</span> <span class='ocrx_word' id='word_1_65' title='bbox 292 2316 449 2372; x_wconf 81' lang='lat' dir='ltr'>immanitas</span> <span class='ocrx_word' id='word_1_66' title='bbox 468 2313 613 2371; x_wconf 81' lang='lat' dir='ltr'>amborum</span> 
     </span>
    </p>

    <p class='ocr_par' dir='ltr' id='par_1_15' title="bbox 223 2397 567 2474">
     <span class='ocr_line' id='line_1_21' title="bbox 223 2397 567 2474; baseline -0.012 -14"><span class='ocrx_word' id='word_1_67' title='bbox 223 2397 226 2406; x_wconf 62' lang='lat'><strong>⁴</strong></span> <span class='ocrx_word' id='word_1_68' title='bbox 245 2402 328 2460; x_wconf 83' lang='lat' dir='ltr'>nulla</span> <span class='ocrx_word' id='word_1_69' title='bbox 346 2417 430 2460; x_wconf 86' lang='lat' dir='ltr'>senen</span> <span class='ocrx_word' id='word_1_70' title='bbox 448 2400 567 2474; x_wconf 82' lang='lat' dir='ltr'>eapitur.</span> 
     </span>
    </p>
   </div>
   <div class='ocr_carea' id='block_1_7' title="bbox 514 2571 535 2615">
    <p class='ocr_par' dir='ltr' id='par_1_16' title="bbox 514 2571 535 2615">
     <span class='ocr_line' id='line_1_22' title="bbox 514 2571 535 2615; baseline 0 0"><span class='ocrx_word' id='word_1_71' title='bbox 514 2571 535 2615; x_wconf 58' lang='lat' dir='ltr'><strong>R</strong></span> 
     </span>
    </p>
   </div>
   <div class='ocr_carea' id='block_1_8' title="bbox 202 2761 689 3078">
    <p class='ocr_par' dir='ltr' id='par_1_17' title="bbox 202 2761 689 3006">
     <span class='ocr_line' id='line_1_23' title="bbox 205 2761 689 2834; baseline 0.006 -16"><span class='ocrx_word' id='word_1_72' title='bbox 205 2761 283 2832; x_wconf 63' lang='lat' dir='ltr'>llere</span> <span class='ocrx_word' id='word_1_73' title='bbox 301 2766 339 2818; x_wconf 77' lang='lat' dir='ltr'>est</span> <span class='ocrx_word' id='word_1_74' title='bbox 355 2762 443 2832; x_wconf 76' lang='lat' dir='ltr'>tona,</span> <span class='ocrx_word' id='word_1_75' title='bbox 461 2777 532 2818; x_wconf 81' lang='lat' dir='ltr'>mere</span> <span class='ocrx_word' id='word_1_76' title='bbox 549 2766 587 2820; x_wconf 83' lang='lat' dir='ltr'>est</span> <span class='ocrx_word' id='word_1_77' title='bbox 603 2765 689 2834; x_wconf 80' lang='lat' dir='ltr'>meta,</span> 
     </span>
     <span class='ocr_line' id='line_1_24' title="bbox 204 2850 572 2921; baseline 0.003 -16"><span class='ocrx_word' id='word_1_78' title='bbox 204 2850 256 2906; x_wconf 73' lang='lat' dir='ltr'>aad</span> <span class='ocrx_word' id='word_1_79' title='bbox 271 2865 330 2904; x_wconf 83' lang='lat' dir='ltr'>aare</span> <span class='ocrx_word' id='word_1_80' title='bbox 346 2853 422 2905; x_wconf 72' lang='lat' dir='ltr'>nimis</span> <span class='ocrx_word' id='word_1_81' title='bbox 439 2851 572 2921; x_wconf 80' lang='lat' dir='ltr'>r&#39;noeqanls&#39;s</span> 
     </span>
     <span class='ocr_line' id='line_1_25' title="bbox 202 2935 522 3006; baseline -0.003 -12"><span class='ocrx_word' id='word_1_82' title='bbox 202 2935 371 3006; x_wconf 68' lang='lat' dir='ltr'>subinfertur</span> <span class='ocrx_word' id='word_1_83' title='bbox 391 2939 522 2993; x_wconf 69' lang='lat' dir='ltr'>emmelis</span> 
     </span>
    </p>

    <p class='ocr_par' dir='ltr' id='par_1_18' title="bbox 242 3024 502 3078">
     <span class='ocr_line' id='line_1_26' title="bbox 242 3024 502 3078; baseline 0 0"><span class='ocrx_word' id='word_1_84' title='bbox 242 3025 303 3078; x_wconf 76' lang='lat' dir='ltr'>vite</span> <span class='ocrx_word' id='word_1_85' title='bbox 321 3024 364 3078; x_wconf 83' lang='lat' dir='ltr'>vel</span> <span class='ocrx_word' id='word_1_86' title='bbox 379 3025 502 3078; x_wconf 65' lang='lat' dir='ltr'>intentes.</span> 
     </span>
    </p>
   </div>
   <div class='ocr_carea' id='block_1_9' title="bbox 202 3168 634 3510">
    <p class='ocr_par' dir='ltr' id='par_1_19' title="bbox 204 3168 634 3257">
     <span class='ocr_line' id='line_1_27' title="bbox 204 3168 634 3257; baseline -0.005 -15"><span class='ocrx_word' id='word_1_87' title='bbox 204 3168 322 3242; x_wconf 76' lang='lat' dir='ltr'>Nullum</span> <span class='ocrx_word' id='word_1_88' title='bbox 339 3187 448 3255; x_wconf 85' lang='lat' dir='ltr'>tempus</span> <span class='ocrx_word' id='word_1_89' title='bbox 459 3170 634 3257; x_wconf 48' lang='lat' dir='ltr'>&#39;prenitendn</span> 
     </span>
    </p>

    <p class='ocr_par' dir='ltr' id='par_1_20' title="bbox 204 3266 570 3341">
     <span class='ocr_line' id='line_1_28' title="bbox 204 3266 570 3341; baseline 0.003 -18"><span class='ocrx_word' id='word_1_90' title='bbox 204 3266 282 3323; x_wconf 82' lang='lat' dir='ltr'>hara</span> <span class='ocrx_word' id='word_1_91' title='bbox 299 3267 378 3322; x_wconf 85' lang='lat' dir='ltr'>nulla</span> <span class='ocrx_word' id='word_1_92' title='bbox 395 3269 570 3341; x_wconf 85' lang='lat' dir='ltr'>revertendi,</span> 
     </span>
    </p>

    <p class='ocr_par' dir='ltr' id='par_1_21' title="bbox 202 3349 540 3510">
     <span class='ocr_line' id='line_1_29' title="bbox 202 3349 540 3425; baseline 0.009 -19"><span class='ocrx_word' id='word_1_93' title='bbox 202 3366 297 3423; x_wconf 84' lang='lat' dir='ltr'>neque</span> <span class='ocrx_word' id='word_1_94' title='bbox 315 3351 396 3407; x_wconf 83' lang='lat' dir='ltr'>locus</span> <span class='ocrx_word' id='word_1_95' title='bbox 413 3349 540 3425; x_wconf 82' lang='lat' dir='ltr'>fugiendi</span> 
     </span>
     <span class='ocr_line' id='line_1_30' title="bbox 243 3438 520 3510; baseline 0.004 -14"><span class='ocrx_word' id='word_1_96' title='bbox 243 3438 354 3496; x_wconf 86' lang='lat' dir='ltr'>miseris</span> <span class='ocrx_word' id='word_1_97' title='bbox 374 3441 520 3510; x_wconf 85' lang='lat' dir='ltr'>supererit</span> 
     </span>
    </p>
   </div>
   <div class='ocr_carea' id='block_1_10' title="bbox 197 3600 639 3940">
    <p class='ocr_par' dir='ltr' id='par_1_22' title="bbox 205 3600 639 3678">
     <span class='ocr_line' id='line_1_31' title="bbox 205 3600 639 3678; baseline 0.014 -21"><span class='ocrx_word' id='word_1_98' title='bbox 205 3600 243 3663; x_wconf 74' lang='lat' dir='ltr'>si</span> <span class='ocrx_word' id='word_1_99' title='bbox 260 3602 303 3657; x_wconf 90' lang='lat' dir='ltr'>vis</span> <span class='ocrx_word' id='word_1_100' title='bbox 321 3618 447 3674; x_wconf 91' lang='lat' dir='ltr'>snrsnm,</span> <span class='ocrx_word' id='word_1_101' title='bbox 464 3603 639 3678; x_wconf 80' lang='lat' dir='ltr'>detraheris,</span> 
     </span>
    </p>

    <p class='ocr_par' dir='ltr' id='par_1_23' title="bbox 205 3690 567 3764">
     <span class='ocr_line' id='line_1_32' title="bbox 205 3690 567 3764; baseline 0 -16"><span class='ocrx_word' id='word_1_102' title='bbox 205 3690 245 3748; x_wconf 82' lang='lat' dir='ltr'>de</span> <span class='ocrx_word' id='word_1_103' title='bbox 262 3691 376 3764; x_wconf 82' lang='lat' dir='ltr'>abyssis</span> <span class='ocrx_word' id='word_1_104' title='bbox 394 3692 567 3764; x_wconf 85' lang='lat' dir='ltr'>extraheris,</span> 
     </span>
    </p>

    <p class='ocr_par' dir='ltr' id='par_1_24' title="bbox 197 3777 623 3940">
     <span class='ocr_line' id='line_1_33' title="bbox 197 3777 560 3853; baseline 0.008 -20"><span class='ocrx_word' id='word_1_105' title='bbox 197 3777 346 3853; x_wconf 79' lang='lat' dir='ltr'>judicanti</span> <span class='ocrx_word' id='word_1_106' title='bbox 364 3781 560 3852; x_wconf 80' lang='lat' dir='ltr'>praesentaris,</span> 
     </span>
     <span class='ocr_line' id='line_1_34' title="bbox 225 3865 623 3940; baseline 0.015 -21"><span class='ocrx_word' id='word_1_107' title='bbox 225 3871 297 3920; x_wconf 81' lang='lat' dir='ltr'>&#39;nes</span> <span class='ocrx_word' id='word_1_108' title='bbox 315 3865 463 3936; x_wconf 83' lang='lat' dir='ltr'>quidquam</span> <span class='ocrx_word' id='word_1_109' title='bbox 480 3866 623 3940; x_wconf 89' lang='lat' dir='ltr'>intererit,</span> 
     </span>
    </p>
   </div>
   <div class='ocr_carea' id='block_1_11' title="bbox 200 4028 639 4354">
    <p class='ocr_par' dir='ltr' id='par_1_25' title="bbox 204 4028 578 4109">
     <span class='ocr_line' id='line_1_35' title="bbox 204 4028 578 4109; baseline 0.008 -20"><span class='ocrx_word' id='word_1_110' title='bbox 204 4028 242 4089; x_wconf 79' lang='lat' dir='ltr'>si</span> <span class='ocrx_word' id='word_1_111' title='bbox 258 4044 315 4086; x_wconf 88' lang='lat' dir='ltr'>non</span> <span class='ocrx_word' id='word_1_112' title='bbox 332 4031 428 4088; x_wconf 85' lang='lat' dir='ltr'>Jesum</span> <span class='ocrx_word' id='word_1_113' title='bbox 446 4034 578 4109; x_wconf 76' lang='lat' dir='ltr'>dilexisti,</span> 
     </span>
    </p>

    <p class='ocr_par' dir='ltr' id='par_1_26' title="bbox 204 4116 551 4195">
     <span class='ocr_line' id='line_1_36' title="bbox 204 4116 551 4195; baseline 0 -19"><span class='ocrx_word' id='word_1_114' title='bbox 204 4131 261 4176; x_wconf 80' lang='lat' dir='ltr'>nee</span> <span class='ocrx_word' id='word_1_115' title='bbox 278 4116 376 4173; x_wconf 80' lang='lat' dir='ltr'>llariae</span> <span class='ocrx_word' id='word_1_116' title='bbox 394 4121 551 4195; x_wconf 81' lang='lat' dir='ltr'>servivisti,</span> 
     </span>
    </p>

    <p class='ocr_par' dir='ltr' id='par_1_27' title="bbox 200 4209 639 4354">
     <span class='ocr_line' id='line_1_37' title="bbox 200 4209 639 4283; baseline 0.018 -21"><span class='ocrx_word' id='word_1_117' title='bbox 200 4217 259 4262; x_wconf 79' lang='lat' dir='ltr'>net</span> <span class='ocrx_word' id='word_1_118' title='bbox 276 4209 427 4277; x_wconf 86' lang='lat' dir='ltr'>patronum</span> <span class='ocrx_word' id='word_1_119' title='bbox 444 4224 525 4278; x_wconf 84' lang='lat' dir='ltr'>quem</span> <span class='ocrx_word' id='word_1_120' title='bbox 542 4211 639 4283; x_wconf 82' lang='lat' dir='ltr'>petisti</span> 
     </span>
     <span class='ocr_line' id='line_1_38' title="bbox 241 4290 522 4354; baseline 0.021 -6"><span class='ocrx_word' id='word_1_121' title='bbox 241 4290 295 4348; x_wconf 88' lang='lat' dir='ltr'>tibi</span> <span class='ocrx_word' id='word_1_122' title='bbox 311 4291 341 4348; x_wconf 90' lang='lat' dir='ltr'>in</span> <span class='ocrx_word' id='word_1_123' title='bbox 359 4291 522 4354; x_wconf 82' lang='lat' dir='ltr'>subsidium.</span> 
     </span>
    </p>
   </div>
   <div class='ocr_carea' id='block_1_12' title="bbox 200 4456 676 4799">
    <p class='ocr_par' dir='ltr' id='par_1_28' title="bbox 200 4456 676 4708">
     <span class='ocr_line' id='line_1_39' title="bbox 203 4456 599 4536; baseline 0.025 -24"><span class='ocrx_word' id='word_1_124' title='bbox 203 4456 275 4526; x_wconf 71' lang='lat' dir='ltr'>Quis</span> <span class='ocrx_word' id='word_1_125' title='bbox 294 4460 389 4516; x_wconf 86' lang='lat' dir='ltr'>orabit</span> <span class='ocrx_word' id='word_1_126' title='bbox 406 4477 460 4534; x_wconf 81' lang='lat' dir='ltr'>pro</span> <span class='ocrx_word' id='word_1_127' title='bbox 479 4463 599 4536; x_wconf 77' lang='lat' dir='ltr'>delicto,</span> 
     </span>
     <span class='ocr_line' id='line_1_40' title="bbox 201 4544 676 4628; baseline 0.036 -31"><span class='ocrx_word' id='word_1_128' title='bbox 201 4544 268 4615; x_wconf 85' lang='lat' dir='ltr'>quis</span> <span class='ocrx_word' id='word_1_129' title='bbox 286 4547 436 4617; x_wconf 86' lang='lat' dir='ltr'>spondebit</span> <span class='ocrx_word' id='word_1_130' title='bbox 452 4565 507 4620; x_wconf 84' lang='lat' dir='ltr'>pre</span> <span class='ocrx_word' id='word_1_131' title='bbox 526 4552 676 4628; x_wconf 76' lang='lat' dir='ltr'>convicte,</span> 
     </span>
     <span class='ocr_line' id='line_1_41' title="bbox 200 4630 589 4708; baseline 0.044 -24"><span class='ocrx_word' id='word_1_132' title='bbox 200 4630 267 4708; x_wconf 68' lang='lat' dir='ltr'>qnia</span> <span class='ocrx_word' id='word_1_133' title='bbox 281 4633 393 4706; x_wconf 81' lang='lat' dir='ltr'>juditio</span> <span class='ocrx_word' id='word_1_134' title='bbox 411 4642 468 4694; x_wconf 88' lang='lat' dir='ltr'>tam</span> <span class='ocrx_word' id='word_1_135' title='bbox 486 4639 589 4702; x_wconf 79' lang='lat' dir='ltr'>striato</span> 
     </span>
    </p>

    <p class='ocr_par' dir='ltr' id='par_1_29' title="bbox 233 4713 533 4799">
     <span class='ocr_line' id='line_1_42' title="bbox 233 4713 533 4799; baseline 0.033 -23"><span class='ocrx_word' id='word_1_136' title='bbox 233 4713 287 4778; x_wconf 82' lang='lat' dir='ltr'>fiet</span> <span class='ocrx_word' id='word_1_137' title='bbox 303 4720 334 4778; x_wconf 86' lang='lat' dir='ltr'>in</span> <span class='ocrx_word' id='word_1_138' title='bbox 349 4725 533 4799; x_wconf 66' lang='lat' dir='ltr'>praesidinm?</span> 
     </span>
    </p>
   </div>
   <div class='ocr_carea' id='block_1_13' title="bbox 804 1415 840 1472">
    <p class='ocr_par' dir='ltr' id='par_1_30' title="bbox 804 1415 840 1472">
     <span class='ocr_line' id='line_1_43' title="bbox 804 1415 840 1472; baseline 0 0"><span class='ocrx_word' id='word_1_139' title='bbox 804 1415 840 1472; x_wconf 85' lang='lat'>1⁰</span> 
     </span>
    </p>
   </div>
   <div class='ocr_carea' id='block_1_14' title="bbox 891 516 1378 677">
    <p class='ocr_par' dir='ltr' id='par_1_31' title="bbox 891 516 1378 677">
     <span class='ocr_line' id='line_1_44' title="bbox 891 516 1255 590; baseline 0.003 -17"><span class='ocrx_word' id='word_1_140' title='bbox 891 517 975 574; x_wconf 80' lang='lat' dir='ltr'>Pstis</span> <span class='ocrx_word' id='word_1_141' title='bbox 993 516 1089 590; x_wconf 72' lang='lat' dir='ltr'>angeli</span> <span class='ocrx_word' id='word_1_142' title='bbox 1106 517 1255 588; x_wconf 65' lang='lat' dir='ltr'>erubunt,</span> 
     </span>
     <span class='ocr_line' id='line_1_45' title="bbox 891 604 1378 677; baseline 0.008 -17"><span class='ocrx_word' id='word_1_143' title='bbox 891 604 965 660; x_wconf 71' lang='lat' dir='ltr'>mant</span> <span class='ocrx_word' id='word_1_144' title='bbox 982 604 1117 675; x_wconf 79' lang='lat' dir='ltr'>seriptum</span> <span class='ocrx_word' id='word_1_145' title='bbox 1134 609 1191 674; x_wconf 88' lang='lat' dir='ltr'>est,</span> <span class='ocrx_word' id='word_1_146' title='bbox 1209 604 1378 677; x_wconf 80' lang='lat' dir='ltr'>plorabunt,</span> 
     </span>
    </p>
   </div>
   <div class='ocr_carea' id='block_1_15' title="bbox 890 687 1315 849">
    <p class='ocr_par' dir='ltr' id='par_1_32' title="bbox 890 687 1315 849">
     <span class='ocr_line' id='line_1_46' title="bbox 890 687 1315 763; baseline 0.007 -17"><span class='ocrx_word' id='word_1_147' title='bbox 890 695 985 746; x_wconf 85' lang='lat' dir='ltr'>tamen</span> <span class='ocrx_word' id='word_1_148' title='bbox 1002 691 1116 763; x_wconf 76' lang='lat' dir='ltr'>dignam</span> <span class='ocrx_word' id='word_1_149' title='bbox 1134 687 1315 750; x_wconf 77' lang='lat' dir='ltr'>affirmabunt</span> 
     </span>
     <span class='ocr_line' id='line_1_47' title="bbox 922 775 1220 849; baseline 0.007 -18"><span class='ocrx_word' id='word_1_150' title='bbox 922 775 1029 849; x_wconf 79' lang='lat' dir='ltr'>jndieis</span> <span class='ocrx_word' id='word_1_151' title='bbox 1046 776 1220 833; x_wconf 84' lang='lat' dir='ltr'>sententiam.</span> 
     </span>
    </p>
   </div>
   <div class='ocr_carea' id='block_1_16' title="bbox 890 921 1334 1234">
    <p class='ocr_par' dir='ltr' id='par_1_33' title="bbox 890 921 1334 997">
     <span class='ocr_line' id='line_1_48' title="bbox 890 921 1334 997; baseline 0.007 -19"><span class='ocrx_word' id='word_1_152' title='bbox 890 921 927 978; x_wconf 77' lang='lat' dir='ltr'>nt</span> <span class='ocrx_word' id='word_1_153' title='bbox 944 921 1020 993; x_wconf 81' lang='lat' dir='ltr'>qnod</span> <span class='ocrx_word' id='word_1_154' title='bbox 1037 927 1122 978; x_wconf 89' lang='lat' dir='ltr'>senat</span> <span class='ocrx_word' id='word_1_155' title='bbox 1139 923 1231 996; x_wconf 76' lang='lat' dir='ltr'>magis</span> <span class='ocrx_word' id='word_1_156' title='bbox 1250 923 1334 997; x_wconf 86' lang='lat' dir='ltr'>rlnre,</span> 
     </span>
    </p>

    <p class='ocr_par' dir='ltr' id='par_1_34' title="bbox 891 1006 1210 1064">
     <span class='ocr_line' id='line_1_49' title="bbox 891 1006 1210 1064; baseline -0.006 0"><span class='ocrx_word' id='word_1_157' title='bbox 891 1022 988 1064; x_wconf 85' lang='lat' dir='ltr'>emnea</span> <span class='ocrx_word' id='word_1_158' title='bbox 1006 1006 1052 1062; x_wconf 81' lang='lat' dir='ltr'>elai</span> <span class='ocrx_word' id='word_1_159' title='bbox 1070 1011 1210 1064; x_wconf 74' lang='lat' dir='ltr'>creaturas</span> 
     </span>
    </p>

    <p class='ocr_par' dir='ltr' id='par_1_35' title="bbox 890 1091 1269 1234">
     <span class='ocr_line' id='line_1_50' title="bbox 890 1091 1269 1166; baseline 0.003 -19"><span class='ocrx_word' id='word_1_160' title='bbox 890 1093 1091 1165; x_wconf 72' lang='lat' dir='ltr'>aggravabunt</span> <span class='ocrx_word' id='word_1_161' title='bbox 1104 1091 1186 1166; x_wconf 88' lang='lat' dir='ltr'>justo</span> <span class='ocrx_word' id='word_1_162' title='bbox 1199 1093 1269 1166; x_wconf 83' lang='lat' dir='ltr'>jara</span> 
     </span>
     <span class='ocr_line' id='line_1_51' title="bbox 926 1177 1255 1234; baseline 0 -1"><span class='ocrx_word' id='word_1_163' title='bbox 926 1177 1029 1234; x_wconf 85' lang='lat' dir='ltr'>malam</span> <span class='ocrx_word' id='word_1_164' title='bbox 1047 1178 1255 1234; x_wconf 80' lang='lat' dir='ltr'>constiantiam.</span> 
     </span>
    </p>
   </div>
   <div class='ocr_carea' id='block_1_17' title="bbox 889 1321 1342 1800">
    <p class='ocr_par' dir='ltr' id='par_1_36' title="bbox 891 1321 1315 1381">
     <span class='ocr_line' id='line_1_52' title="bbox 891 1321 1315 1381; baseline 0 0"><span class='ocrx_word' id='word_1_165' title='bbox 891 1321 951 1381; x_wconf 81' lang='lat' dir='ltr'>Sed</span> <span class='ocrx_word' id='word_1_166' title='bbox 967 1323 1029 1378; x_wconf 83' lang='lat' dir='ltr'>hma</span> <span class='ocrx_word' id='word_1_167' title='bbox 1048 1321 1167 1379; x_wconf 77' lang='lat' dir='ltr'>lactine</span> <span class='ocrx_word' id='word_1_168' title='bbox 1186 1323 1315 1381; x_wconf 72' lang='lat' dir='ltr'>scelestis</span> 
     </span>
    </p>

    <p class='ocr_par' dir='ltr' id='par_1_37' title="bbox 890 1410 1272 1482">
     <span class='ocr_line' id='line_1_53' title="bbox 890 1410 1272 1482; baseline 0.003 -16"><span class='ocrx_word' id='word_1_169' title='bbox 890 1415 936 1466; x_wconf 81' lang='lat' dir='ltr'>est</span> <span class='ocrx_word' id='word_1_170' title='bbox 952 1411 1041 1482; x_wconf 81' lang='lat' dir='ltr'>ipsias</span> <span class='ocrx_word' id='word_1_171' title='bbox 1059 1410 1157 1482; x_wconf 72' lang='lat' dir='ltr'>gravis</span> <span class='ocrx_word' id='word_1_172' title='bbox 1175 1411 1272 1482; x_wconf 85' lang='lat' dir='ltr'>testis,</span> 
     </span>
    </p>

    <p class='ocr_par' dir='ltr' id='par_1_38' title="bbox 890 1496 1272 1658">
     <span class='ocr_line' id='line_1_54' title="bbox 890 1496 1272 1570; baseline 0.003 -17"><span class='ocrx_word' id='word_1_173' title='bbox 890 1496 996 1553; x_wconf 83' lang='lat' dir='ltr'>nnllam</span> <span class='ocrx_word' id='word_1_174' title='bbox 1008 1497 1116 1570; x_wconf 76' lang='lat' dir='ltr'>judicis</span> <span class='ocrx_word' id='word_1_175' title='bbox 1133 1496 1163 1552; x_wconf 90' lang='lat' dir='ltr'>in</span> <span class='ocrx_word' id='word_1_176' title='bbox 1181 1497 1272 1570; x_wconf 74' lang='lat' dir='ltr'>gestis</span> 
     </span>
     <span class='ocr_line' id='line_1_55' title="bbox 925 1583 1193 1658; baseline 0.004 -18"><span class='ocrx_word' id='word_1_177' title='bbox 925 1584 1036 1640; x_wconf 85' lang='lat' dir='ltr'>intuens</span> <span class='ocrx_word' id='word_1_178' title='bbox 1053 1583 1193 1658; x_wconf 83' lang='lat' dir='ltr'>injuriam</span> 
     </span>
    </p>

    <p class='ocr_par' dir='ltr' id='par_1_39' title="bbox 889 1730 1342 1800">
     <span class='ocr_line' id='line_1_56' title="bbox 889 1730 1342 1800; baseline 0.007 -14"><span class='ocrx_word' id='word_1_179' title='bbox 889 1731 962 1800; x_wconf 84' lang='lat' dir='ltr'>lline</span> <span class='ocrx_word' id='word_1_180' title='bbox 979 1730 1115 1788; x_wconf 71' lang='lat' dir='ltr'>lauandi</span> <span class='ocrx_word' id='word_1_181' title='bbox 1131 1745 1197 1788; x_wconf 83' lang='lat' dir='ltr'>mon</span> <span class='ocrx_word' id='word_1_182' title='bbox 1215 1737 1342 1790; x_wconf 81' lang='lat' dir='ltr'>tentares</span> 
     </span>
    </p>
   </div>
   <div class='ocr_carea' id='block_1_18' title="bbox 891 1818 1321 1977">
    <p class='ocr_par' dir='ltr' id='par_1_40' title="bbox 891 1818 1321 1977">
     <span class='ocr_line' id='line_1_57' title="bbox 891 1818 1253 1890; baseline 0 -14"><span class='ocrx_word' id='word_1_183' title='bbox 891 1818 1092 1876; x_wconf 72' lang='lat' dir='ltr'>tormentant</span> <span class='ocrx_word' id='word_1_184' title='bbox 1110 1823 1253 1890; x_wconf 65' lang='lat' dir='ltr'>umores,</span> 
     </span>
     <span class='ocr_line' id='line_1_58' title="bbox 891 1903 1321 1977; baseline 0.007 -17"><span class='ocrx_word' id='word_1_185' title='bbox 891 1904 967 1977; x_wconf 82' lang='lat' dir='ltr'>qnod</span> <span class='ocrx_word' id='word_1_186' title='bbox 981 1903 1045 1977; x_wconf 83' lang='lat' dir='ltr'>jam</span> <span class='ocrx_word' id='word_1_187' title='bbox 1062 1905 1187 1962; x_wconf 83' lang='lat' dir='ltr'>sentiens</span> <span class='ocrx_word' id='word_1_188' title='bbox 1204 1906 1321 1964; x_wconf 80' lang='lat' dir='ltr'>dolores</span> 
     </span>
    </p>
   </div>
   <div class='ocr_carea' id='block_1_19' title="bbox 849 1990 1291 2186">
    <p class='ocr_par' dir='ltr' id='par_1_41' title="bbox 849 1990 1291 2186">
     <span class='ocr_line' id='line_1_59' title="bbox 849 1990 1224 2052; baseline 0.021 -10"><span class='ocrx_word' id='word_1_189' title='bbox 849 2035 852 2042; x_wconf 88' lang='lat'><em>.</em></span> <span class='ocrx_word' id='word_1_190' title='bbox 925 1992 1047 2048; x_wconf 87' lang='lat' dir='ltr'>vertitur</span> <span class='ocrx_word' id='word_1_191' title='bbox 1065 1992 1096 2048; x_wconf 92' lang='lat' dir='ltr'>in</span> <span class='ocrx_word' id='word_1_192' title='bbox 1112 1990 1224 2052; x_wconf 85' lang='lat' dir='ltr'>furiam.</span> 
     </span>
     <span class='ocr_line' id='line_1_60' title="bbox 853 2111 1291 2186; baseline 0.005 -18"><span class='ocrx_word' id='word_1_193' title='bbox 853 2145 857 2152; x_wconf 92' lang='lat'><em>·</em></span> <span class='ocrx_word' id='word_1_194' title='bbox 890 2111 968 2169; x_wconf 79' lang='lat' dir='ltr'>&#39;l&#39;nna</span> <span class='ocrx_word' id='word_1_195' title='bbox 985 2113 1104 2172; x_wconf 70' lang='lat' dir='ltr'>ananie</span> <span class='ocrx_word' id='word_1_196' title='bbox 1121 2114 1291 2186; x_wconf 85' lang='lat' dir='ltr'>reprobata,</span> 
     </span>
    </p>
   </div>
   <div class='ocr_carea' id='block_1_20' title="bbox 890 2201 1308 2450">
    <p class='ocr_par' dir='ltr' id='par_1_42' title="bbox 890 2201 1308 2450">
     <span class='ocr_line' id='line_1_61' title="bbox 890 2201 1221 2274; baseline 0.003 -17"><span class='ocrx_word' id='word_1_197' title='bbox 890 2201 920 2257; x_wconf 88' lang='lat' dir='ltr'>in</span> <span class='ocrx_word' id='word_1_198' title='bbox 937 2217 969 2257; x_wconf 88' lang='lat' dir='ltr'>se</span> <span class='ocrx_word' id='word_1_199' title='bbox 987 2201 1052 2274; x_wconf 85' lang='lat' dir='ltr'>ipsa</span> <span class='ocrx_word' id='word_1_200' title='bbox 1069 2202 1221 2274; x_wconf 83' lang='lat' dir='ltr'>desperata</span> 
     </span>
     <span class='ocr_line' id='line_1_62' title="bbox 890 2289 1197 2346; baseline 0.003 -3"><span class='ocrx_word' id='word_1_201' title='bbox 890 2293 921 2344; x_wconf 89' lang='lat' dir='ltr'>et</span> <span class='ocrx_word' id='word_1_202' title='bbox 937 2289 967 2345; x_wconf 90' lang='lat' dir='ltr'>in</span> <span class='ocrx_word' id='word_1_203' title='bbox 984 2295 1048 2346; x_wconf 86' lang='lat' dir='ltr'>tote</span> <span class='ocrx_word' id='word_1_204' title='bbox 1066 2289 1197 2346; x_wconf 81' lang='lat' dir='ltr'>desolata</span> 
     </span>
     <span class='ocr_line' id='line_1_63' title="bbox 927 2375 1308 2450; baseline 0.005 -18"><span class='ocrx_word' id='word_1_205' title='bbox 927 2377 956 2432; x_wconf 93' lang='lat' dir='ltr'>in</span> <span class='ocrx_word' id='word_1_206' title='bbox 974 2375 1143 2450; x_wconf 80' lang='lat' dir='ltr'>prafundum</span> <span class='ocrx_word' id='word_1_207' title='bbox 1161 2377 1308 2450; x_wconf 72' lang='lat' dir='ltr'>mergitur,</span> 
     </span>
    </p>
   </div>
   <div class='ocr_carea' id='block_1_21' title="bbox 889 2518 1323 2776">
    <p class='ocr_par' dir='ltr' id='par_1_43' title="bbox 889 2518 1323 2776">
     <span class='ocr_line' id='line_1_64' title="bbox 892 2518 1289 2592; baseline 0.005 -16"><span class='ocrx_word' id='word_1_208' title='bbox 892 2521 948 2583; x_wconf 77' lang='lat' dir='ltr'>uni</span> <span class='ocrx_word' id='word_1_209' title='bbox 965 2523 1053 2580; x_wconf 77' lang='lat' dir='ltr'>enses</span> <span class='ocrx_word' id='word_1_210' title='bbox 1071 2522 1127 2578; x_wconf 82' lang='lat' dir='ltr'>hoe</span> <span class='ocrx_word' id='word_1_211' title='bbox 1144 2518 1289 2592; x_wconf 80' lang='lat' dir='ltr'>firmatur,</span> 
     </span>
     <span class='ocr_line' id='line_1_65' title="bbox 891 2611 1323 2684; baseline 0.005 -18"><span class='ocrx_word' id='word_1_212' title='bbox 891 2611 967 2684; x_wconf 82' lang='lat' dir='ltr'>queri</span> <span class='ocrx_word' id='word_1_213' title='bbox 984 2627 1125 2683; x_wconf 84' lang='lat' dir='ltr'>nunqnam</span> <span class='ocrx_word' id='word_1_214' title='bbox 1141 2611 1323 2684; x_wconf 73' lang='lat' dir='ltr'>egrediatur,</span> 
     </span>
     <span class='ocr_line' id='line_1_66' title="bbox 889 2704 1275 2776; baseline 0.003 -17"><span class='ocrx_word' id='word_1_215' title='bbox 889 2704 963 2760; x_wconf 81' lang='lat' dir='ltr'>siant</span> <span class='ocrx_word' id='word_1_216' title='bbox 980 2704 1122 2760; x_wconf 81' lang='lat' dir='ltr'>Abraham</span> <span class='ocrx_word' id='word_1_217' title='bbox 1140 2708 1275 2776; x_wconf 79' lang='lat' dir='ltr'>testatur,</span> 
     </span>
    </p>
   </div>
   <div class='ocr_carea' id='block_1_22' title="bbox 863 2783 1293 2865">
    <p class='ocr_par' dir='ltr' id='par_1_44' title="bbox 863 2783 1293 2865">
     <span class='ocr_line' id='line_1_67' title="bbox 863 2783 1293 2865; baseline 0.009 -20"><span class='ocrx_word' id='word_1_218' title='bbox 863 2783 865 2790; x_wconf 83' lang='lat'>&#39;</span> <span class='ocrx_word' id='word_1_219' title='bbox 924 2792 980 2847; x_wconf 85' lang='lat' dir='ltr'>hue</span> <span class='ocrx_word' id='word_1_220' title='bbox 996 2791 1066 2849; x_wconf 82' lang='lat' dir='ltr'>illut</span> <span class='ocrx_word' id='word_1_221' title='bbox 1082 2809 1140 2850; x_wconf 89' lang='lat' dir='ltr'>non</span> <span class='ocrx_word' id='word_1_222' title='bbox 1157 2794 1293 2865; x_wconf 75' lang='lat' dir='ltr'>pergitur.</span> 
     </span>
    </p>
   </div>
   <div class='ocr_carea' id='block_1_23' title="bbox 888 2926 1293 3272">
    <p class='ocr_par' dir='ltr' id='par_1_45' title="bbox 890 2926 1280 3012">
     <span class='ocr_line' id='line_1_68' title="bbox 890 2926 1280 3012; baseline -0.015 -12"><span class='ocrx_word' id='word_1_223' title='bbox 890 2940 914 3000; x_wconf 90' lang='lat'>0</span> <span class='ocrx_word' id='word_1_224' title='bbox 932 2926 995 3012; x_wconf 76' lang='lat' dir='ltr'>qnae</span> <span class='ocrx_word' id='word_1_225' title='bbox 1012 2939 1111 3012; x_wconf 72' lang='lat' dir='ltr'>lingna</span> <span class='ocrx_word' id='word_1_226' title='bbox 1129 2940 1280 3010; x_wconf 77' lang='lat' dir='ltr'>explicare,</span> 
     </span>
    </p>

    <p class='ocr_par' dir='ltr' id='par_1_46' title="bbox 888 3026 1293 3099">
     <span class='ocr_line' id='line_1_69' title="bbox 888 3026 1293 3099; baseline 0.005 -19"><span class='ocrx_word' id='word_1_227' title='bbox 888 3026 938 3082; x_wconf 90' lang='lat' dir='ltr'>vel</span> <span class='ocrx_word' id='word_1_228' title='bbox 955 3027 1018 3098; x_wconf 86' lang='lat' dir='ltr'>quis</span> <span class='ocrx_word' id='word_1_229' title='bbox 1037 3043 1136 3084; x_wconf 89' lang='lat' dir='ltr'>sensns</span> <span class='ocrx_word' id='word_1_230' title='bbox 1155 3027 1293 3099; x_wconf 80' lang='lat' dir='ltr'>cogitare,</span> 
     </span>
    </p>

    <p class='ocr_par' dir='ltr' id='par_1_47' title="bbox 890 3111 1249 3272">
     <span class='ocr_line' id='line_1_70' title="bbox 890 3111 1249 3184; baseline 0.008 -19"><span class='ocrx_word' id='word_1_231' title='bbox 890 3111 951 3184; x_wconf 81' lang='lat' dir='ltr'>quis</span> <span class='ocrx_word' id='word_1_232' title='bbox 970 3111 1055 3167; x_wconf 81' lang='lat' dir='ltr'>audet</span> <span class='ocrx_word' id='word_1_233' title='bbox 1072 3112 1249 3168; x_wconf 83' lang='lat' dir='ltr'>dinumerare</span> 
     </span>
     <span class='ocr_line' id='line_1_71' title="bbox 924 3199 1200 3272; baseline 0 -16"><span class='ocrx_word' id='word_1_234' title='bbox 924 3199 1001 3256; x_wconf 85' lang='lat' dir='ltr'>mala</span> <span class='ocrx_word' id='word_1_235' title='bbox 1018 3199 1200 3272; x_wconf 77' lang='lat' dir='ltr'>multiplicia,</span> 
     </span>
    </p>
   </div>
   <div class='ocr_carea' id='block_1_24' title="bbox 889 3347 1319 3683">
    <p class='ocr_par' dir='ltr' id='par_1_48' title="bbox 890 3347 1319 3426">
     <span class='ocr_line' id='line_1_72' title="bbox 890 3347 1319 3426; baseline 0.007 -25"><span class='ocrx_word' id='word_1_236' title='bbox 890 3347 959 3416; x_wconf 73' lang='lat' dir='ltr'>Quae</span> <span class='ocrx_word' id='word_1_237' title='bbox 976 3347 1121 3426; x_wconf 80' lang='lat' dir='ltr'>perversis</span> <span class='ocrx_word' id='word_1_238' title='bbox 1139 3351 1204 3403; x_wconf 91' lang='lat' dir='ltr'>sunt</span> <span class='ocrx_word' id='word_1_239' title='bbox 1222 3352 1319 3404; x_wconf 84' lang='lat' dir='ltr'>ereata</span> 
     </span>
    </p>

    <p class='ocr_par' dir='ltr' id='par_1_49' title="bbox 890 3433 1226 3506">
     <span class='ocr_line' id='line_1_73' title="bbox 890 3433 1226 3506; baseline 0.003 -17"><span class='ocrx_word' id='word_1_240' title='bbox 890 3440 920 3491; x_wconf 82' lang='lat' dir='ltr'>st</span> <span class='ocrx_word' id='word_1_241' title='bbox 938 3433 1058 3489; x_wconf 83' lang='lat' dir='ltr'>diversis</span> <span class='ocrx_word' id='word_1_242' title='bbox 1077 3434 1226 3506; x_wconf 81' lang='lat' dir='ltr'>deputata,</span> 
     </span>
    </p>

    <p class='ocr_par' dir='ltr' id='par_1_50' title="bbox 889 3523 1242 3683">
     <span class='ocr_line' id='line_1_74' title="bbox 889 3523 1242 3596; baseline 0.014 -19"><span class='ocrx_word' id='word_1_243' title='bbox 889 3527 976 3595; x_wconf 82' lang='lat' dir='ltr'>prout</span> <span class='ocrx_word' id='word_1_244' title='bbox 994 3523 1107 3596; x_wconf 87' lang='lat' dir='ltr'>singula</span> <span class='ocrx_word' id='word_1_245' title='bbox 1124 3531 1242 3596; x_wconf 80' lang='lat' dir='ltr'>peecata</span> 
     </span>
     <span class='ocr_line' id='line_1_75' title="bbox 927 3611 1198 3683; baseline 0.018 -18"><span class='ocrx_word' id='word_1_246' title='bbox 927 3611 1043 3683; x_wconf 78' lang='lat' dir='ltr'>exigunt</span> <span class='ocrx_word' id='word_1_247' title='bbox 1060 3618 1090 3668; x_wconf 87' lang='lat' dir='ltr'>et</span> <span class='ocrx_word' id='word_1_248' title='bbox 1106 3611 1198 3670; x_wconf 75' lang='lat' dir='ltr'>vitiat</span> 
     </span>
    </p>
   </div>
   <div class='ocr_carea' id='block_1_25' title="bbox 1190 3753 1212 3798">
    <p class='ocr_par' dir='ltr' id='par_1_51' title="bbox 1190 3753 1212 3798">
     <span class='ocr_line' id='line_1_76' title="bbox 1190 3753 1212 3798; baseline 0 0"><span class='ocrx_word' id='word_1_249' title='bbox 1190 3753 1212 3798; x_wconf 69' lang='lat' dir='ltr'>t</span> 
     </span>
    </p>
   </div>
   <div class='ocr_carea' id='block_1_26' title="bbox 888 3913 1309 4258">
    <p class='ocr_par' dir='ltr' id='par_1_52' title="bbox 888 3913 1292 3987">
     <span class='ocr_line' id='line_1_77' title="bbox 888 3913 1292 3987; baseline 0.005 -17"><span class='ocrx_word' id='word_1_250' title='bbox 888 3913 995 3985; x_wconf 78' lang='lat' dir='ltr'>liquor</span> <span class='ocrx_word' id='word_1_251' title='bbox 1013 3915 1114 3970; x_wconf 88' lang='lat' dir='ltr'>ardens</span> <span class='ocrx_word' id='word_1_252' title='bbox 1133 3915 1199 3987; x_wconf 79' lang='lat' dir='ltr'>igne</span> <span class='ocrx_word' id='word_1_253' title='bbox 1217 3914 1292 3987; x_wconf 84' lang='lat' dir='ltr'>plait</span> 
     </span>
    </p>

    <p class='ocr_par' dir='ltr' id='par_1_53' title="bbox 889 4001 1278 4073">
     <span class='ocr_line' id='line_1_78' title="bbox 889 4001 1278 4073; baseline 0.008 -18"><span class='ocrx_word' id='word_1_254' title='bbox 889 4005 919 4056; x_wconf 87' lang='lat' dir='ltr'>et</span> <span class='ocrx_word' id='word_1_255' title='bbox 936 4002 1048 4073; x_wconf 82' lang='lat' dir='ltr'>grando</span> <span class='ocrx_word' id='word_1_256' title='bbox 1066 4001 1095 4057; x_wconf 92' lang='lat' dir='ltr'>in</span> <span class='ocrx_word' id='word_1_257' title='bbox 1113 4001 1204 4073; x_wconf 90' lang='lat' dir='ltr'>ipsum</span> <span class='ocrx_word' id='word_1_258' title='bbox 1221 4003 1278 4058; x_wconf 84' lang='lat' dir='ltr'>ruit</span> 
     </span>
    </p>

    <p class='ocr_par' dir='ltr' id='par_1_54' title="bbox 889 4089 1309 4258">
     <span class='ocr_line' id='line_1_79' title="bbox 889 4089 1309 4161; baseline 0.007 -16"><span class='ocrx_word' id='word_1_259' title='bbox 889 4089 977 4146; x_wconf 80' lang='lat' dir='ltr'>chaos</span> <span class='ocrx_word' id='word_1_260' title='bbox 994 4091 1067 4160; x_wconf 91' lang='lat' dir='ltr'>tale,</span> <span class='ocrx_word' id='word_1_261' title='bbox 1087 4091 1162 4161; x_wconf 87' lang='lat' dir='ltr'>qnod</span> <span class='ocrx_word' id='word_1_262' title='bbox 1180 4089 1309 4148; x_wconf 83' lang='lat' dir='ltr'>nonfuit</span> 
     </span>
     <span class='ocr_line' id='line_1_80' title="bbox 924 4179 1184 4258; baseline 0.023 -28"><span class='ocrx_word' id='word_1_263' title='bbox 924 4179 1023 4234; x_wconf 82' lang='lat' dir='ltr'>vivens</span> <span class='ocrx_word' id='word_1_264' title='bbox 1041 4179 1078 4258; x_wconf 81' lang='lat' dir='ltr'>ab</span> <span class='ocrx_word' id='word_1_265' title='bbox 1095 4179 1184 4236; x_wconf 87' lang='lat' dir='ltr'>initio.</span> 
     </span>
    </p>
   </div>
   <div class='ocr_carea' id='block_1_27' title="bbox 886 4323 1268 4556">
    <p class='ocr_par' dir='ltr' id='par_1_55' title="bbox 886 4323 1268 4556">
     <span class='ocr_line' id='line_1_81' title="bbox 1183 4323 1205 4365; baseline 0 -5"><span class='ocrx_word' id='word_1_266' title='bbox 1183 4323 1205 4365; x_wconf 54' lang='lat' dir='ltr'><strong>R</strong></span> 
     </span>
     <span class='ocr_line' id='line_1_82' title="bbox 886 4481 1268 4556; baseline 0 -15"><span class='ocrx_word' id='word_1_267' title='bbox 886 4481 942 4541; x_wconf 83' lang='lat' dir='ltr'>Ubi</span> <span class='ocrx_word' id='word_1_268' title='bbox 959 4483 1085 4540; x_wconf 78' lang='lat' dir='ltr'>tenebrae</span> <span class='ocrx_word' id='word_1_269' title='bbox 1103 4485 1268 4556; x_wconf 74' lang='lat' dir='ltr'>condensas,</span> 
     </span>
    </p>
   </div>
   <div class='ocr_carea' id='block_1_28' title="bbox 885 4571 1311 4718">
    <p class='ocr_par' dir='ltr' id='par_1_56' title="bbox 885 4571 1311 4718">
     <span class='ocr_line' id='line_1_83' title="bbox 886 4571 1267 4629; baseline 0.013 -5"><span class='ocrx_word' id='word_1_270' title='bbox 886 4585 973 4628; x_wconf 84' lang='lat' dir='ltr'>renes</span> <span class='ocrx_word' id='word_1_271' title='bbox 991 4571 1061 4627; x_wconf 77' lang='lat' dir='ltr'>dira</span> <span class='ocrx_word' id='word_1_272' title='bbox 1078 4576 1108 4628; x_wconf 92' lang='lat' dir='ltr'>et</span> <span class='ocrx_word' id='word_1_273' title='bbox 1124 4572 1267 4629; x_wconf 85' lang='lat' dir='ltr'>immensae</span> 
     </span>
     <span class='ocr_line' id='line_1_84' title="bbox 885 4658 1311 4718; baseline 0.009 -4"><span class='ocrx_word' id='word_1_274' title='bbox 885 4662 916 4716; x_wconf 85' lang='lat' dir='ltr'>et</span> <span class='ocrx_word' id='word_1_275' title='bbox 932 4658 1065 4716; x_wconf 73' lang='lat' dir='ltr'>scintilla</span> <span class='ocrx_word' id='word_1_276' title='bbox 1083 4666 1149 4717; x_wconf 87' lang='lat' dir='ltr'>sunt</span> <span class='ocrx_word' id='word_1_277' title='bbox 1167 4675 1311 4718; x_wconf 74' lang='lat' dir='ltr'>anteensae</span> 
     </span>
    </p>
   </div>
   <div class='ocr_carea' id='block_1_29' title="bbox 797 4733 1247 4808">
    <p class='ocr_par' dir='ltr' id='par_1_57' title="bbox 797 4733 1247 4808">
     <span class='ocr_line' id='line_1_85' title="bbox 797 4733 1247 4808; baseline 0.013 -5"><span class='ocrx_word' id='word_1_278' title='bbox 797 4733 834 4792; x_wconf 67' lang='lat'>4⁰</span> <span class='ocrx_word' id='word_1_279' title='bbox 919 4739 1022 4806; x_wconf 75' lang='lat' dir='ltr'>tutes</span> <span class='ocrx_word' id='word_1_280' title='bbox 1038 4747 1069 4806; x_wconf 86' lang='lat' dir='ltr'>in</span> <span class='ocrx_word' id='word_1_281' title='bbox 1085 4742 1247 4808; x_wconf 76' lang='lat' dir='ltr'>fabrilibus.</span> 
     </span>
    </p>
   </div>
   <div class='ocr_carea' id='block_1_30' title="bbox 0 0 1662 5358">
    <p class='ocr_par' dir='ltr' id='par_1_58' title="bbox 0 0 1662 5358">
     <span class='ocr_line' id='line_1_86' title="bbox 0 0 1662 5358; baseline 0 1"><span class='ocrx_word' id='word_1_282' title='bbox 0 0 1662 5358; x_wconf 95' lang='lat' dir='ltr'> </span> 
     </span>
    </p>
   </div>
  </div>
 </body>
</html>
