3316 5358
126 523 249 590 nabent
270 522 492 608 splendorem,

14 692 15 714 2
127 643 256 690 roseum
279 623 472 706 eandorem,

128 727 227 793 altum
249 726 416 792 honorem.

126 903 178 975 un
201 906 363 990 patientes

127 1019 203 1078 sunt
224 1029 349 1078 meeum
370 1009 511 1075 nitentes

127 1120 177 1180 tot
198 1113 401 1196 margaritis,

129 1225 207 1302 quot
229 1219 297 1283 triti
317 1218 500 1303 pressuris,

128 1319 332 1402 gemitusque
354 1319 469 1384 horum

127 1429 203 1488 sunt
225 1441 325 1490 eausa
349 1423 559 1508 splendorum

129 1541 170 1590 ao
191 1523 394 1608 gaudiorum.

129 1701 232 1770 Juxta
253 1702 386 1768 labores

129 1821 208 1870 suos
231 1805 436 1871 confessores
516 1835 521 1843 ·

129 1915 376 1974 remunerantur

129 2019 228 2094 atque
251 2013 461 2095 decorantur,

130 2113 341 2177 sunthorum
364 2113 459 2176 stolae

129 2216 231 2281 mixto
254 2216 296 2280 (le
318 2216 429 2281 eolore

129 2336 287 2402 purpurae
308 2334 409 2383 more.

129 2493 277 2565 Auream
298 2505 447 2580 torquem

130 2599 301 2685 possident
322 2600 355 2663 in
378 2607 499 2665 sortem

132 2702 211 2769 milri
232 2703 352 2769 delecti

132 2805 285 2872 doctores
309 2807 421 2890 eleoti,

132 2929 267 2995 quorum
291 2911 441 2978 doctrina

131 3014 229 3080 floret
250 3013 334 3078 fides
357 3034 431 3078 mea

131 3117 166 3183 in
188 3118 275 3183 omui
296 3126 394 3182 terra.

132 3298 216 3368 Sunt
240 3301 410 3385 epulantes

84 3390 87 3396 ¹
131 3424 257 3472 meeum
280 3412 449 3470 eantantes

132 3507 282 3574 monaehi
305 3508 392 3590 veri,

133 3618 240 3678 musto
261 3627 335 3674 meo
357 3609 462 3694 pleni,

132 3734 208 3781 nam
229 3713 357 3797 prisona
380 3714 490 3795 labor,

133 3815 314 3900 disoipliuae
336 3817 429 3900 rigor

131 3923 213 4008 ipsis
236 3941 323 3988 nuno
345 3939 455 4005 sapor.

132 4097 347 4169 Anaehoritae

131 4221 196 4272 neo
217 4222 282 4270 nou
305 4205 449 4270 eremitae

131 4307 240 4375 iuoide
261 4308 395 4374 multum

131 4431 239 4480 meum
262 4419 398 4478 oernunt
419 4411 559 4496 vultum,

131 4531 195 4599 pro
218 4531 282 4596 quo
304 4513 446 4580 videndo

131 4636 171 4682 se
193 4614 314 4684 dabant
335 4625 400 4684 tam
423 4625 517 4685 aroto

129 4719 210 4788 vitae
231 4728 364 4789 statuto.

808 517 1011 588 obedierunt

808 635 843 694 et
864 645 901 693 se
923 627 978 711 qui
1000 625 1180 712 fregerunt,

808 730 886 798 milri
908 729 1040 798 sodales

808 842 844 900 et
865 834 957 900 stolis
981 831 1143 916 aequnles3

804 933 875 1019 jam
896 933 958 1016 nil,
981 931 1069 1016 quod
1090 931 1219 1015 nolunt,

809 1035 871 1130 sed
892 1054 1001 1119 omne,
1024 1033 1112 1118 quod
1133 1035 1263 1116 volunt,

808 1140 920 1205 iuuere
942 1144 1089 1224 possunt.

736 1333 740 1340 '
810 1317 955 1388 Humiles
977 1323 1104 1382 mentes

810 1427 886 1486 sunt
907 1435 927 1484 o
946 1436 1042 1501 quam
1063 1417 1234 1500 sublimes,

810 1520 930 1588 mundo
954 1519 1101 1604 despeoti
1268 1519 1273 1530 '

811 1633 886 1690 sunt
908 1643 929 1690 a
950 1643 1002 1688 me
1025 1621 1202 1707 eomplexi,

811 1733 866 1817 qui
889 1731 1050 1816 quondam
1071 1730 1140 1814 imi,
1274 1757 1277 1764 ·

810 1854 898 1902 nuno
915 1833 1012 1920 juxta
1033 1852 1085 1898 me
1107 1831 1203 1917 primi

811 1939 902 2005 oelso
926 1934 1028 2001 sedili.

811 2115 966 2202 Virgines
988 2116 1118 2184 mundae

811 2237 938 2285 meeum
961 2239 1056 2302 quam
1075 2219 1219 2303 joounde

813 2320 935 2387 duouut
957 2321 1111 2386 nlroream

813 2424 960 2492 ooelioam
981 2442 1044 2508 per
1068 2422 1188 2505 aulam,

764 2577 771 2590 .
813 2527 894 2592 mire
916 2526 1103 2609 fragrantes

815 2647 954 2698 ooronas
976 2636 1145 2716 gestantes

739 2767 768 2814 ,·
813 2753 930 2818 meque
952 2733 1133 2800 laudantes.

813 2911 868 2980 Ao
889 2912 1059 2978 viduarum

813 3017 921 3100 gloria
944 3024 1119 3097 eustanum,

813 3137 1018 3204 nequaquam
1038 3137 1159 3202 parva,

814 3223 875 3289 sed
896 3223 989 3296 nimis
1012 3229 1063 3286 est
1084 3239 1219 3303 magna,

815 3346 878 3411 que
902 3326 1031 3411 sponsis
1055 3324 1174 3409 spretis

813 3429 1017 3513 amplexibus
1039 3427 1123 3492 laetis

812 3531 962 3597 fruuntur
983 3530 1072 3594 meir.

814 3709 897 3778 Sunt
919 3710 997 3776 milri
1022 3711 1108 3794 grati

813 3816 918 3882 saneti
940 3816 1122 3900 conjugati,

813 3940 876 4004 per
898 3938 979 4002 quos
1002 3919 1039 3984 fit
1060 3925 1156 3984 auota

813 4021 999 4089 Jerusalem
1021 4027 1150 4102 saneta,

725 4212 727 4216 ι
814 4144 889 4188 narn
911 4125 1005 4210 prole
1027 4124 1142 4188 horum

813 4249 965 4296 numerus
987 4246 1132 4295 meorum

814 4335 933 4400 oresoit
955 4341 1149 4399 sanotorum.

814 4511 883 4578 Sed
908 4513 1109 4578 eontinentes
1231 4505 1239 4523 “

814 4633 939 4680 meeum
962 4620 1035 4680 sunt
1057 4612 1215 4678 habentes

815 4737 858 4786 en
879 4727 928 4785 tot
950 4733 1107 4800 coronas,

1372 329 1441 396 ⁴2⁹

1373 626 1439 692 100
