3324 5358
770 509 820 579 ad
835 510 980 604 primus.

355 661 360 672 '
398 659 531 728 Ooenam
554 677 626 724 cum
650 641 815 741 discipulis
841 658 973 723 affectat
995 676 1143 738 ooenare,

397 765 553 848 exemplis
577 762 776 826 sermonibus
800 761 890 844 ipsos
912 761 1104 843 informare,

395 889 513 954 panem
535 867 568 932 in
590 865 802 931 substantiam
826 863 933 929 carnis
954 863 1202 946 transformare,

397 977 506 1038 vinum
528 973 562 1036 in
584 971 756 1035 essentiam
779 969 944 1051 sanguinis
967 975 1100 1033 mutare.

776 1165 826 1235 ud
852 1166 981 1236 mrbus.

396 1315 512 1399 Fregit
533 1334 651 1400 panem
673 1313 833 1395 dixitque:
859 1313 942 1398 ,hoe
965 1318 1016 1376 est
1038 1328 1156 1395 corpus
1178 1305 1321 1396 meum,“

399 1421 533 1486 calicem
556 1419 719 1502 accipiens
742 1417 909 1482 benedixit
932 1435 1005 1481 eum

401 1531 434 1588 et
458 1525 583 1608 ,ipsum
606 1517 781 1604 accipite“,
805 1521 903 1603 dixit3
926 1539 1003 1585 ecee
1027 1517 1122 1582 deum

400 1628 455 1710 qui
476 1626 608 1707 indigne
631 1626 817 1708 sumpserit,
840 1625 959 1690 sentiat
982 1643 1018 1686 se
1041 1641 1143 1687 reum.

770 1817 820 1887 od
851 1825 979 1888 sextus.

399 1969 442 2036 Et
463 1971 643 2053 quicunque
665 1987 783 2052 panem
805 1967 891 2032 huno
914 1968 1011 2032 dente
1034 1965 1256 2048 manducabit,

398 2081 454 2139 aut
477 2075 657 2156 quicunque
681 2072 815 2136 calicem
838 2071 1003 2153 sanguinis
1027 2071 1167 2154 potabit,

397 2185 535 2242 mortem
558 2176 611 2239 dei
633 2175 691 2240 filii
713 2175 766 2239 hio
789 2177 989 2240 annuntiabit
1112 2173 1115 2178 ’

398 2287 432 2346 et
453 2281 644 2346 monstrabit
666 2279 816 2364 firmiter,
841 2279 945 2344 donec
968 2278 1133 2346 remeabit.

778 2475 827 2546 ad
853 2501 975 2546 menas.

397 2623 457 2703 Qui
478 2625 610 2708 indigne
634 2627 821 2709 sumpserit,
844 2627 949 2691 factus
973 2625 1034 2689 erit
1056 2642 1132 2688 reus

397 2731 545 2812 corporis
569 2736 601 2792 et
624 2731 806 2812 sanguiniS,
831 2751 925 2812 quem
949 2727 1062 2794 effudit
1085 2727 1180 2810 deuS,

398 2832 472 2896 dum
494 2833 578 2896 latus
602 2835 729 2917 aperuit
750 2833 852 2917 ipsius
874 2833 1028 2914 Jndaeus,

398 2935 474 2998 dum
501 2931 605 3019 ,heli“
630 2938 833 3018 clamaverit,
857 2937 920 3000 hoc
943 2944 1017 3020 est,
1031 2935 1110 2999 deus
1133 2952 1232 2998 meus.

745 3131 794 3200 ud
819 3153 994 3226 vesperas.
1040 3186 1043 3192 .

393 3279 536 3346 Verbum
559 3298 637 3344 caro
661 3281 781 3344 factum
804 3288 854 3344 est
875 3281 969 3364 panis
988 3279 1166 3362 gloriosus,

396 3385 505 3448 vinum
530 3386 661 3466 sanguis
684 3384 804 3449 factum
827 3392 877 3448 est
900 3383 1021 3448 Christi
1043 3385 1221 3466 gratiosus,

395 3487 534 3552 traditur
557 3487 722 3571 discipulis
745 3490 835 3554 cibus
858 3489 1029 3572 pretiosus,

396 3592 450 3676 qui
471 3589 644 3655 manducat
667 3591 843 3674 dominum,
867 3610 988 3654 servus
1005 3591 1186 3656 timorosus.

715 3785 764 3854 od
790 3781 1023 3878 completoria.

393 3931 496 3998 Justis
520 3941 553 3998 ct
575 3933 724 4000 fidelibus
746 3934 792 3996 ita
814 3932 1040 4014 manducatur,
1159 3993 1162 3999 .

395 4035 455 4099 sed
478 4039 519 4101 ob
542 4037 606 4102 hoc
629 4038 663 4101 iu
685 4038 793 4119 aliquo
817 4054 978 4120 nunquam
999 4035 1178 4118 laceratur,

394 4148 481 4205 totus
502 4142 535 4205 in
558 4141 719 4224 particula
742 4139 908 4230 contracta
930 4146 1090 4222 moratur,

393 4245 556 4326 aliquanta
578 4245 689 4328 specie
713 4243 792 4308 deus
816 4243 1005 4308 occultatur.

392 4412 460 4479 Has
483 4414 581 4476 horas
605 4415 652 4479 sie
673 4415 785 4479 recolo
808 4415 864 4498 pia
886 4415 1012 4478 ratione

393 4519 452 4583 tibi
474 4535 593 4602 eorpus
617 4518 751 4602 domini,
774 4525 810 4582 ut
832 4519 1037 4584 confessione

394 4625 551 4690 contritus
575 4632 608 4689 et
629 4626 756 4709 praevia
778 4625 1001 4691 satisfactione

390 4729 520 4794 valeam
542 4737 574 4796 te
598 4730 735 4796 credere
758 4748 830 4795 cum
852 4729 1035 4795 devotione.
