3324 5358
1383 299 1446 368 aui

137 481 285 553 verlangt,
318 480 384 535 dass
409 479 571 536 Timotheus
595 480 728 536 viorerlei
751 479 858 536 (lebete
881 479 1044 536 verrichten
1062 481 1132 538 soll:
1165 479 1319 558 παρακαλῶ
1338 478 1449 556 πρῶτον

139 568 247 626 πάντων
261 571 407 624 ποιεῖσθαι
422 565 535 638 δεήσεις,
550 566 717 643 προσευχάς,
734 565 872 633 ἐνιεύξεις,
886 567 1064 643 §exoptantem
1077 567 1147 644 ὑπὲρ
1162 567 1270 624 πάντων
1279 565 1449 643 ἀνθρώπων,

140 659 261 713 obsecro
278 657 398 727 primum
422 654 542 711 omnium
560 652 622 710 fieri
641 653 869 722 obsecrationes,
903 653 1062 723 orationes,
1090 653 1348 726 interpellationes,
1381 671 1448 726 gra·

137 745 240 800 tiarum
265 744 392 800 actiones
419 757 473 812 pro
502 743 629 798 omnibus
657 741 824 797 hominibus.
865 739 944 797 Statt
971 739 1183 796 obsecrationes
1210 746 1319 796 setnteu
1343 741 1448 798 audere

138 829 358 890 Handschriften
378 829 608 900 deprecationes,
635 832 706 884 statt
733 827 881 884 orationes
909 826 1105 896 adorationes,
1137 828 1206 882 weil
1224 829 1265 883 sie
1284 826 1446 904 προσευχὰς

137 920 273 976 wdrtlich
291 917 475 986 verstanden,
500 933 563 972 was
581 916 720 988 Augustin
738 914 843 984 tadelt3
875 919 946 970 statt
963 913 1207 985 interpellationes
1225 913 1323 969 hatten
1342 914 1447 968 andere

139 1005 355 1078 postulationes.
391 1004 485 1062 Ueber
504 1003 580 1058 diese
598 1001 800 1061 Uuterschiede
819 1006 885 1072 sagt
903 1017 935 1056 or
953 1017 1009 1055 nun
1026 999 1203 1072 liolgendes:
1223 1015 1298 1070 eum,
1318 1000 1365 1071 qui
1383 1015 1447 1071 pre-

138 1098 228 1161 catur,
247 1096 319 1161 oret,
339 1096 368 1146 et
386 1091 432 1161 qui
451 1096 524 1160 orat,
543 1095 689 1162 precetur,
709 1089 774 1161 quid
792 1088 848 1145 sibi
864 1089 936 1158 vult,
955 1085 1030 1160 quod
1048 1088 1105 1144 ista
1122 1087 1163 1142 ita
1176 1088 1273 1159 posuit
1288 1089 1446 1160 apostolus,

138 1185 170 1235 ut
196 1195 253 1234 nou
278 1178 316 1233 sit
340 1194 437 1234 eorum
460 1177 634 1249 negligenda
661 1177 826 1232 distinctio‘i
854 1181 973 1246 excepto
1001 1175 1097 1246 itaque
1124 1176 1235 1231 nomine
1263 1177 1391 1248 generali
1417 1179 1447 1232 et

137 1267 221 1322 salva
238 1265 371 1336 loquendi
389 1265 604 1334 consuetudine,
632 1263 781 1319 secondum
800 1278 882 1333 quam
900 1263 961 1317 sive
976 1261 1053 1318 dicas
1072 1263 1278 1334 precationem,
1302 1263 1363 1318 sive
1382 1277 1448 1318 ora·

136 1354 255 1421 tionem,
281 1353 341 1407 sive
359 1353 617 1422 interpellationem
634 1351 683 1406 vel
699 1351 934 1424 postulationem,
960 1367 1016 1406 uua
1033 1349 1184 1420 eademque
1202 1366 1249 1406 res
1267 1349 1447 1421 intelligitur,

137 1440 233 1510 aliqua
252 1440 338 1495 ctiam
356 1439 531 1510 singulorum
549 1439 669 1494 istorum
686 1437 850 1509 proprietas
867 1437 1036 1508 inquirenda
1053 1441 1111 1506 est,
1137 1438 1188 1492 sed
1206 1437 1242 1492 ad
1260 1453 1321 1492 eam
1340 1437 1446 1508 liquido

136 1527 286 1598 pervenire
311 1523 427 1581 difficile
451 1531 503 1580 est.
538 1525 627 1580 multa
651 1525 754 1596 quippe
770 1517 838 1578 hinc
862 1522 916 1578 dici
939 1529 1072 1594 possunt,
1105 1539 1168 1596 quaa
1186 1525 1371 1595 improbanda
1389 1541 1446 1580 non

137 1613 201 1668 sint.
237 1613 294 1670 Sed
317 1613 396 1684 eligo
419 1613 448 1666 in
472 1611 517 1666 his
541 1612 638 1666 verbis
663 1612 719 1667 hoc
740 1611 916 1682 intelligere,
948 1613 1017 1682 quod
1034 1617 1117 1667 omnis
1134 1615 1178 1668 uel
1189 1627 1265 1683 poue
1284 1617 1366 1668 munic
1382 1613 1446 1682 sre-

138 1705 245 1772 quentot
257 1703 371 1772 ecclesio,
389 1704 421 1754 ut
431 1703 595 1770 precationes
608 1699 779 1769 accipiamus
794 1698 893 1766 dictas,
912 1713 976 1770 quus
990 1697 1104 1769 sommus
1121 1703 1150 1755 in
1166 1701 1338 1756 celebratione
1355 1714 1446 1754 socru·

137 1791 295 1854 mentorum,
314 1791 451 1856 ontemmm
469 1787 542 1856 died,
563 1786 632 1856 puod
649 1790 685 1840 est
702 1789 730 1840 in
748 1787 846 1842 domini
863 1801 960 1856 nmmo,
977 1790 1082 1856 incipiat
1099 1787 1212 1844 benedici
1230 1786 1310 1857 (also
1329 1788 1375 1842 dia
1392 1787 1446 1844 Ge·

135 1874 201 1930 bete
219 1890 284 1929 vom
302 1874 433 1945 Eiogang
450 1873 501 1928 der
518 1871 611 1930 llesse
628 1871 673 1927 bis
691 1887 743 1928 nur
759 1869 983 1943 Aufopferung),
1002 1877 1148 1945 orationes,
1167 1889 1226 1930 eum
1244 1875 1403 1930 benedicitur
1421 1880 1448 1931 et

86 1957 88 1962 '
136 1961 311 2030 aonodficotur
338 1965 363 2016 ct
391 1963 428 2016 od
453 1961 656 2018 distribuendum
680 1964 875 2030 oomnuinuitur,
900 1977 977 2032 mmm
1001 1963 1080 2018 totum
1103 1965 1251 2032 petitionem
1276 1963 1337 2031 sere
1364 1967 1447 2020 omnic

135 2052 243 2104 ecclesio
260 2049 388 2103 dmninicd
402 2051 519 2102 crotone
535 2047 665 2102 cmmludit
682 2047 743 2116 (die
762 2045 867 2103 debete
886 2063 943 2103 von
962 2047 1013 2102 der
1031 2045 1181 2104 Prifatiou
1199 2048 1244 2104 bis
1264 2065 1326 2104 nom
1343 2050 1446 2105 Vater-

135 2137 245 2202 uuser).
279 2134 324 2190 Ad
348 2149 429 2204 quem
446 2131 625 2187 ,intellectum
648 2133 734 2188 etiam
757 2132 839 2188 verbi
856 2134 945 2204 graeci
964 2134 1048 2207 origo
1068 2152 1122 2191 nos
1140 2136 1265 2210 adjuvat
1293 2152 1357 2192 nam
1375 2151 1445 2207 eam,

137 2236 220 2296 quam
238 2220 333 2275 dicunt
352 2217 443 2290 εὐχήν,
462 2228 529 2274 raro
547 2218 588 2272 ita
606 2218 746 2288 scriptura
758 2219 847 2290 ponit,
866 2224 898 2274 ut
911 2221 1089 2292 intelligatur
1104 2228 1197 2291 oratio,
1217 2222 1268 2276 sed
1282 2222 1446 2293 plerumque

138 2311 168 2362 et
185 2306 273 2362 multo
292 2307 424 2363 usitatius
442 2310 529 2362 uotum
546 2305 675 2377 appellat
692 2302 783 2376 εὐχήν,
801 2305 959 2380 προσευχὴν
977 2323 1048 2364 vero
1067 2325 1179 2378 semper
1193 2313 1337 2364 motionem
1352 2315 1446 2366 vocat

135 2408 225 2464 porro
245 2393 271 2448 si
289 2394 419 2448 usitatius
436 2393 466 2448 in
485 2391 633 2462 scripturis
652 2395 739 2448 votum
763 2392 924 2462 appellatur
942 2389 1023 2465 εὐχή,
1049 2399 1168 2464 excepto
1186 2395 1298 2449 nomine
1317 2395 1445 2466 generali

135 2481 284 2550 orationis,
302 2497 338 2536 ea
355 2480 472 2552 proprie
490 2478 677 2551 intelligenda
695 2484 740 2534 ast
757 2479 861 2548 oratio,
880 2495 957 2550 mmm
969 2479 1081 2549 scotinus
1100 2482 1136 2535 od
1152 2486 1246 2550 nolum,
1264 2481 1294 2535 id
1313 2485 1357 2537 est
1374 2481 1446 2558 πρὸς

136 2566 226 2640 εὐχήν.
262 2569 410 2625 Voventur
427 2574 521 2626 autem
538 2568 639 2638 omnia,
658 2582 721 2640 ques
742 2565 899 2624 offeruntur
913 2568 976 2638 deo,
994 2572 1112 2632 maimo
1130 2572 1212 2624 suncti
1229 2571 1321 2624 ultoria
1344 2569 1446 2638 oblatio,

136 2673 192 2727 quo
208 2660 385 2712 sacramento
403 2645 575 2726 praedicatur
592 2658 721 2710 nostrum
739 2653 811 2711 illud
828 2659 926 2712 votum
942 2656 1103 2724 maximum,
1123 2669 1179 2726 quo
1197 2671 1250 2710 nos
1268 2655 1398 2710 remmus
1416 2655 1446 2710 in

136 2744 253 2802 Christo
277 2759 340 2798 esse
365 2759 528 2812 mansuros,
559 2741 656 2814 utique
679 2742 709 2796 in
733 2757 870 2814 compage
887 2743 1025 2814 eorporis
1050 2743 1162 2800 Christi.
1191 2743 1272 2816 cujus
1290 2743 1334 2798 rei
1351 2758 1446 2798 sacra·

133 2835 258 2886 mentum
277 2835 334 2900 est,
354 2831 429 2901 quod
446 2846 516 2885 unus
535 2831 632 2900 panis,
651 2846 734 2885 unum
751 2846 857 2901 corpus
875 2831 956 2886 multi
974 2847 1068 2886 sumus
1086 2834 1118 2901 (1
1137 2832 1202 2892 Gor.
1223 2832 1266 2901 10,
1285 2834 1343 2900 17).
1378 2830 1445 2886 ldeo

133 2924 163 2976 in
179 2922 260 2988 bujue,
272 2917 481 2988 sanctificationis
501 2922 697 2990 properatione
721 2919 806 2988 (also
824 2919 853 2986 in
872 2919 921 2973 der
939 2917 1110 2988 Prifation)
1135 2919 1264 2974 exisfimo
1283 2918 1445 2990 apostolum

130 3009 255 3082 jussisse
276 3007 393 3082 proprie
410 3004 474 3061 ficri
492 3005 665 3083 προσευχάς,
689 3006 719 3061 id
736 3011 781 3062 est
798 3011 942 3074 oruboncc,
967 3007 1022 3061 hoc
1041 3010 1086 3060 est
1103 3007 1139 3059 ud
1156 3010 1248 3060 uotum
1286 3007 1447 3077 interpello-

135 3099 218 3152 tiunec
235 3100 335 3163 autem,
356 3094 423 3163 sive,
441 3098 473 3149 ut
491 3095 580 3149 vestri
599 3094 712 3150 codices
730 3093 843 3162 habant,
859 3096 1052 3164 postulationes,
1070 3087 1147 3160 fiunt,
1165 3107 1224 3148 cum
1234 3095 1345 3162 populus
1363 3093 1446 3148 bene-

135 3183 229 3238 dicitur
247 3181 386 3251 (niimlioh
403 3197 458 3236 vor
472 3181 534 3239 dem
547 3179 688 3253 Empfang
702 3181 752 3236 des
765 3181 792 3237 h.
806 3180 1002 3250 Abendmals).
1019 3184 1086 3234 tuuc
1104 3178 1177 3234 enim
1195 3179 1346 3247 antisfites,
1366 3178 1447 3234 velut

134 3268 280 3338 advocati,
313 3273 461 3339 susceptos
484 3284 551 3326 sues
573 3283 625 3340 per
642 3283 735 3324 neonus
752 3272 937 3338 impositionem
961 3265 1231 3322 misericordissimae
1251 3264 1374 3322 offerunt
1392 3282 1445 3336 po·

133 3357 239 3413 testati
275 3355 379 3424 Quibus
403 3355 527 3426 peractis
553 3360 584 3410 et
604 3359 760 3426 participato
784 3359 856 3412 tuoto
878 3359 1042 3410 corroneento
1066 3354 1155 3423 (nach
1178 3353 1229 3408 der
1246 3353 1446 3424 communion)

131 3449 280 3516 prationem
297 3447 363 3499 ectio
382 3446 481 3498 cuncta
499 3442 655 3512 concludit,
674 3458 757 3514 quam
770 3442 862 3508 inhie
880 3442 966 3498 etiam
983 3441 1080 3498 verbis
1097 3441 1223 3496 ultimam
1240 3440 1447 3497 commendavit

133 3530 289 3602 apostolus.

221 3653 306 3709 Diese
324 3651 415 3708 Stella
434 3651 510 3706 kann
528 3651 692 3724 exegetisch
717 3651 774 3707 und
791 3651 943 3722 liturgisch
960 3651 1117 3706 beortheilt
1133 3649 1256 3705 werden.
1294 3646 1324 3702 ln
1342 3647 1446 3703 letnter

133 3741 262 3796 Hinsiont
278 3741 400 3796 beweist
418 3739 459 3794 sie
479 3739 553 3794 uwei
571 3739 762 3795 Thatsachen:
791 3741 824 3808 1)
841 3739 1021 3810 Augustinus
1035 3741 1085 3794 hat
1103 3737 1148 3794 die
1167 3752 1257 3808 ganne
1274 3737 1366 3792 Messe
1385 3735 1442 3792 und

132 3827 215 3882 ihren
232 3827 474 3899 Zosammenluaug
491 3825 535 3882 ale
554 3827 616 3882 eine
634 3825 732 3897 lingat
750 3825 919 3881 bertchende
937 3825 1122 3894 Einrichtung
1139 3823 1277 3894 gekaunt,
1306 3822 1361 3878 wie
1380 3823 1441 3878 dies

134 3915 207 3969 auch
231 3929 282 3970 aus
306 3913 403 3968 seimon
426 3913 548 3985 iibrigcn
571 3912 764 3969 vereiouelten
780 3914 998 3984 Aeusserongen
1021 3907 1235 3966 unnweifelliaft
1252 3910 1443 3982 hervorgeht;

132 4003 168 4071 2)
192 4016 226 4055 er
249 4001 359 4058 erkliirt
383 4001 428 4055 die
445 4001 537 4058 Messe
561 3997 610 4056 iiir
629 4001 711 4056 einen
735 4000 947 4071 apostolischen
972 3996 1177 4072 Gottesdienst,
1200 3995 1255 4053 ‘fiir
1273 3999 1335 4053 eine
1353 3999 1443 4054 sehon

133 4093 217 4144 unter
235 4089 289 4142 den
306 4088 445 4159 Aposteln
462 4089 645 4144 vorhaudene
665 4085 880 4143 festbostimmte
897 4086 1079 4158 Anordnung.
1115 4077 1181 4142 dian
1197 4085 1272 4140 wird
1286 4081 1443 4159 jedenfalls

131 4176 260 4248 nugeben
284 4178 409 4246 missen,
443 4175 509 4231 dass
535 4175 581 4234 dio
604 4177 668 4233 viar
687 4179 846 4248 genaunten
863 4175 953 4232 Arten
977 4173 1028 4228 der
1046 4173 1151 4230 (iebete
1174 4173 1257 4229 keine
1274 4174 1355 4229 blose
1373 4169 1442 4226 Auf-

133 4264 239 4337 n‘aluug
256 4280 314 4320 von
332 4265 515 4336 synonymen
534 4263 604 4333 siud,
624 4264 697 4320 deun
715 4261 759 4319 sie
776 4263 856 4318 wire
874 4252 1089 4332 unvollstiiudig
1106 4262 1163 4316 und
1179 4261 1257 4319 nicht
1274 4259 1441 4326 abuusehen,

133 4368 242 4408 warum
261 4353 306 4409 die
324 4353 445 4424 iibrigen
463 4353 647 4430 synonymen
665 4350 768 4407 fehlen.
804 4350 1057 4428 Beachtenswerth
1075 4351 1114 4404 ist
1131 4349 1248 4416 hierbei,
1268 4347 1334 4402 dass
1352 4346 1442 4414 Chry·

131 4445 274 4496 sostomus
300 4441 330 4496 in
356 4429 456 4496 seiner¹
477 4439 581 4496 dritten
605 4437 723 4512 Predigt
750 4439 867 4509 (homil
896 4441 922 4508 3,
942 4440 980 4508 3)
1009 4438 1054 4493 die
1081 4439 1209 4495 Zuhiirer
1235 4430 1375 4489 ebenfalls
1406 4447 1442 4486 uu

131 4526 266 4584 viererlei
283 4529 407 4585 Gebeten
425 4524 603 4597 suffordert,
635 4543 698 4583 was
716 4543 781 4582 man
799 4527 873 4582 doeh
888 4526 939 4580 mit
956 4511 1046 4580 Reeht
1064 4523 1117 4580 auf
1131 4525 1176 4580 die
1197 4521 1376 4592 blessgebete
1394 4518 1443 4572 be-

130 4615 229 4670 uiehen
248 4614 325 4690 darf,
352 4616 421 4672 weil
439 4615 484 4669 die
502 4615 622 4687 Predigt
638 4615 713 4670 nach
730 4614 791 4668 dem
809 4612 993 4684 Evangelium
1013 4612 1147 4684 gehalteu
1164 4610 1282 4676 wurde,
1314 4605 1376 4661 also
1396 4604 1441 4660 die

123 4699 344 4778 Aufforderung
361 4703 391 4763 ia
409 4702 464 4760 den
482 4699 587 4760 warni
602 4699 757 4776 folgenden
774 4699 973 4772 blessgebeten
990 4698 1052 4756 ihre
1072 4695 1236 4772 geniigende
1250 4694 1445 4768 Begrdudung
