3324 5358
136 515 237 602 Cujus
260 523 310 580 est
331 516 507 600 praesentia
816 511 940 598 Surge,
964 534 1058 580 curre
1082 517 1227 598 obviam,

179 629 244 686 tam
267 620 402 685 caritate
424 619 539 703 plena,
721 617 760 680 10
859 626 909 682 ιιι
933 619 1016 683 enim
1038 625 1104 683 tam
1127 619 1265 700 vicinus,

137 724 229 809 cujus
252 723 392 789 amicitia
815 721 924 786 cordis
946 743 1008 806 per
1029 723 1215 788 munditiam

177 834 243 892 tam
264 825 357 890 nimis
380 831 430 888 est
453 841 588 888 amoena.
857 835 991 910 paratas
1017 827 1102 894 habe
1125 828 1221 893 sinus.
1395 829 1439 894 20

133 987 236 1075 Apud
258 997 291 1054 te
314 988 482 1072 quiescere
815 987 919 1071 Tene,
943 1007 1015 1054 cum
1037 991 1229 1074 susceperis,

179 1101 212 1158 et
233 1100 340 1157 tecum
361 1091 431 1156 vult
448 1108 604 1174 pausare,
857 1091 943 1156 hunc
965 1111 1007 1158 ne
1030 1093 1171 1160 dimittas
1192 1093 1295 1176 victa,

133 1204 240 1261 tecum
261 1196 332 1260 vult
355 1195 557 1259 discumbere
720 1192 760 1254 15
813 1194 873 1258 nisi
900 1195 996 1279 plene
1019 1195 1119 1260 lueris

177 1307 210 1365 et
231 1308 338 1367 tecum
359 1301 430 1365 vult
452 1315 592 1364 caenare.
857 1316 918 1381 per
941 1316 1013 1362 eum
1035 1297 1216 1362 benedicta.
1245 1317 1348 1362 amen.

225 1475 272 1530 lls.
290 1491 325 1530 uu
342 1475 480 1530 bliinchen
497 1475 565 1532 Clnn
584 1475 662 1530 3012.
680 1471 699 1528 f.
719 1476 760 1530 13.
780 1477 813 1528 15
832 1475 928 1531 Jahrb

221 1599 254 1653 V.
273 1601 297 1652 1.
325 1599 390 1654 Non
408 1602 451 1652 est
470 1612 538 1668 pars
557 1596 602 1652 dei
619 1597 726 1667 anima,
745 1597 770 1654 si
788 1597 861 1652 enim
879 1597 933 1654 boc
951 1606 1041 1672 esset,
1061 1602 1136 1657 omni
1153 1601 1237 1660 modo
1255 1603 1436 1662 incommuta·

134 1685 200 1742 bilis
220 1691 304 1758 atque
322 1684 545 1755 incorruptibilis
564 1689 646 1739 esset
683 1683 757 1756 quod
781 1685 807 1740 si
831 1690 923 1757 esset,
950 1703 1002 1742 ιιι
1022 1685 1154 1746 deficeret
1171 1691 1200 1746 in
1219 1691 1354 1764 deterius,
1386 1707 1439 1750 nec

139 1771 293 1845 proficeret
310 1774 339 1828 in
356 1773 463 1830 melius.
498 1773 629 1842 Aurata
647 1787 689 1844 ep.
709 1771 769 1842 166,
788 1774 812 1827 3.

354 2058 440 2132 232.
474 2054 679 2130 Gratiarum
704 2060 796 2132 actio
823 2069 904 2157 post
930 2063 1218 2135 communionem.

135 2245 308 2312 Saturatus
331 2243 463 2308 ferculis
813 2256 926 2330 grates
949 2257 1048 2314 tantae
1067 2213 1201 2332 gratiae,

178 2357 212 2415 et
235 2349 315 2414 cibis
339 2347 570 2431 sacrosanctis,
856 2353 1039 2435 quamodo
1062 2373 1132 2418 sum
1155 2353 1293 2420 afflatus.

131 2453 298 2536 saginatus
322 2451 428 2536 epulis

176 2557 363 2638 gelidisque
385 2554 498 2637 tantis,
811 2514 886 2581 Jam
909 2515 1076 2582 conlectus
1100 2517 1205 2582 macie
1396 2521 1438 2586 25

854 2617 918 2684 hoc
940 2638 1026 2703 pane
1047 2619 1272 2703 inpugnatus,

132 2719 252 2798 Quales
275 2719 333 2785 tibi
355 2719 479 2802 gratias
737 2718 757 2780 5
810 2721 904 2787 fortis
927 2733 996 2788 sum
1017 2724 1051 2788 in
1074 2725 1163 2807 acie,

174 2841 260 2887 nunc
281 2821 437 2904 referam,
462 2837 481 2885 c
505 2819 600 2903 deus,
853 2845 928 2890 nam
950 2828 1034 2892 bene
1057 2844 1126 2892 sum
1149 2832 1301 2891 muratus.

132 2927 186 3011 qui
208 2946 258 2990 me
282 2927 329 2992 sic
351 2926 509 3008 exsatias,

173 3038 210 3095 ut
230 3051 355 3096 mecum
378 3032 422 3094 sis
445 3037 477 3094 et
499 3028 613 3094 meust
809 2985 866 3055 Ad
888 2997 1015 3055 “mrum
1038 2992 1152 3056 ⁰⁸0⁰lfl

852 3093 939 3178 pede
961 3114 1012 3158 me
1035 3113 1120 3160 nunc
1141 3093 1281 3177 inflecto,
1393 3093 1437 3158 30

129 3195 331 3263 Benedicent
353 3195 459 3260 omnia
808 3196 1013 3263 lacrimarum
1035 3199 1154 3282 pocula

174 3307 208 3364 et
228 3317 314 3364 nunc
335 3302 369 3363 ιι
391 3298 477 3363 cmni
498 3295 582 3364 bord
715 3300 757 3362 10
851 3302 986 3385 prcluse
1009 3303 1090 3368 dans
1113 3303 1241 3370 dilecto.

129 3423 203 3469 mea
219 3411 252 3467 te
274 3402 460 3487 praecordia

171 3523 233 3590 pro
257 3524 350 3572 coena
371 3513 437 3569 tam
460 3504 598 3588 decom,
808 3459 892 3527 Fide
916 3469 972 3528 tna
993 3464 1130 3528 vulnera

853 3563 990 3628 devotus
1013 3566 1172 3648 circuibo,

129 3669 199 3753 Qua
221 3676 257 3734 tu
278 3687 330 3732 me
352 3667 517 3752 laetificas,
808 3674 916 3732 mente
938 3667 1127 3748 amorifera,
1390 3663 1433 3726 35

173 3771 357 3837 desiderate
379 3771 495 3854 Jesu,
853 3769 881 3831 si
903 3768 1011 3852 laves,
1034 3769 1183 3833 introibo.

128 3877 263 3943 mundas
286 3884 319 3941 ιι
340 3874 489 3940 vivificas
715 3873 755 3937 15

171 3981 205 4045 in
227 3985 292 4044 tuae
315 3979 421 4046 camis
445 3997 511 4046 esu·
807 3930 930 4014 Pedes,
954 3950 1064 4013 crura,
1087 3949 1213 4013 genua,

852 4055 922 4120 cor,
946 4054 1075 4120 manus,
1097 4043 1227 4120 pectus,
1250 4035 1335 4101 latus

127 4144 251 4213 Intimis
273 4143 453 4208 visceribus
807 4159 868 4226 pro
890 4141 1002 4221 venia,
1025 4156 1087 4223 pro
1110 4139 1217 4222 gratia

170 4267 256 4313 nunc
278 4248 358 4311 meis
381 4247 574 4311 concalesca
851 4244 957 4310 saluto
979 4244 1159 4308 inclinatus.
1391 4241 1434 4304 40

128 4359 162 4418 ιι
183 4369 259 4415 mcx
280 4352 314 4414 in
335 4349 488 4414 vitalibus

172 4463 303 4522 renatus
323 4454 515 4540 juvenessso·
712 4453 754 4517 20
806 4409 874 4477 Ista
895 4409 974 4474 meis
998 4409 1099 4474 caulis

850 4515 1038 4596 frequenter
1061 4521 1242 4598 antepone,

129 4617 156 4686 0
179 4639 274 4704 quam
296 4623 389 4687 suavi
411 4619 510 4687 hodie
805 4624 841 4684 ut
862 4617 1002 4684 lacrimis
1025 4625 1059 4682 et
1082 4617 1201 4682 osculis

171 4743 240 4792 sum
262 4745 348 4811 pane
370 4731 561 4810 vegetatus,
849 4730 882 4787 te
904 4721 1047 4807 placem,
1070 4719 1152 4787 Jesu
1173 4720 1267 4786 bane.
