3280 5358
230 275 278 351 eo

231 469 378 539 Verbum
399 472 581 556 profectum
602 473 764 556 proditum
909 483 1025 542 renata
1046 475 1140 561 plebe
1161 479 1374 564 pergratiam

231 575 304 639 tulit
326 581 451 638 reatum
473 573 638 640 criminum
813 577 856 640 10
906 574 984 644 llaec
1005 579 1089 645 festa
1108 583 1238 666 praebet
1260 605 1374 652 annua.

228 695 424 758 sumensque
445 683 591 740 nostrum
612 673 785 760 pulverem

230 780 343 844 mors„
363 781 503 864 peremi,
521 781 711 865 prinoipem·
908 740 1081 810 Adventus
1098 744 1157 812 nte
1176 747 1385 817 sollemnibus
1491 755 1537 820 25

909 846 994 910 votis
1014 847 1141 913 leretur
1162 851 1324 933 omnibut,

227 935 265 1006 A
285 948 389 1004 matre
411 948 506 1006 natue
527 949 690 1028 tempore,
908 965 990 1030 quoe
1013 952 1174 1016 smdnere
1196 953 1348 1020 convenit

227 1042 290 1108 ned
311 1047 523 1129 compitorum
545 1067 567 1112 a
587 1055 699 1132 putre,
903 1052 989 1116 tanti
1011 1051 1076 1118 diei
1097 1054 1243 1138 glorium.

227 1146 354 1212 omnm
374 1149 408 1213 iu
430 1152 617 1216 substantiis
815 1157 855 1218 11
1051 1163 1055 1172 “

226 1269 371 1334 persona
392 1255 464 1318 001³
486 1261 536 1318 θη
557 1256 702 1320 mim
906 1205 1077 1280 Secundus
1099 1223 1135 1280 ut
1156 1235 1228 1282 cum
1249 1218 1387 1301 eruperit

906 1319 1083 1400 orbemque
1106 1320 1402 1410 terrorlpreeoerit,
1489 1322 1535 1388 10

225 1414 327 1480 Venit
347 1418 429 1483 dene
451 1420 558 1485 iactus
579 1420 694 1506 homo,
904 1429 1055 1485 mmmm
1075 1421 1149 1487 illac
1171 1421 1347 1490 humillima

225 1520 365 1586 nitesmt
389 1529 425 1587 ut
448 1525 535 1590 cultu
555 1545 643 1592 novo
906 1523 1122 1608 susceptionis
1144 1523 1295 1608 dignitas.

226 1631 360 1688 renatus
382 1625 415 1689 in
436 1636 513 1692 nato
537 1627 600 1694 deo

226 1725 333 1792 factus
356 1747 460 1796 novus
482 1739 576 1796 vetur
597 1732 704 1798 homo.
810 1733 853 1796 20
903 1685 1031 1752 Prae'm
1051 1695 1147 1773 pm
1167 1689 1310 1772 pm

905 1793 1055 1877 patrique
1079 1811 1213 1878 compar
1233 1795 1328 1862 nnioo

1624 1151 1626 1210 l

224 1891 353 1960 Natalis
373 1894 450 1962 hinc
473 1900 514 1963 cb
538 1897 690 1982 gaudium
906 1915 979 1961 cum
1000 1897 1116 1982 spiritu
1136 1899 1296 1983 paraclito
1487 1901 1531 1967 35
1624 1931 1625 1936 ¹

225 2015 331 2062 ovans
354 2001 503 2084 trophaeo
525 2003 669 2084 gentium
905 2019 1048 2084 regnans
1068 2022 1130 2086 per
1153 2020 1246 2067 omne
1269 2001 1429 2070 eaeculum.

315 2203 362 2258 lle
381 2203 431 2258 der
448 2201 690 2258 Stadtbibliotlrelr
707 2219 742 2256 nu
755 2201 835 2258 'l'rier
853 2202 905 2258 No
924 2203 1000 2256 1104.
1024 2213 1075 2258 ane
1088 2203 1156 2258 dem
1172 2205 1346 2277 Uebergang
1364 2206 1449 2262 1118
1467 2219 1530 2264 nun

225 2289 245 2342 9
263 2288 373 2359 Jahrlu,
391 2296 472 2345 unter
491 2291 567 2345 einer
584 2289 881 2362 llymnensammlnng,
907 2289 953 2344 111
970 2290 1033 2344 dem
1051 2290 1169 2346 Klorter
1187 2292 1215 2347 S.
1233 2293 1366 2348 llatthian
1383 2294 1430 2348 bei
1445 2295 1531 2350 ''l'rier

224 2379 347 2448 genorte
356 2381 427 2448 (A),
442 2380 513 2434 ancli
526 2379 555 2433 in
570 2379 632 2434 dem
642 2377 821 2449 hymnarium
835 2378 884 2432 des
894 2377 1042 2432 cardinale
1051 2378 1165 2434 lenaei
1174 2379 1202 2434 S.
1211 2383 1271 2436 379.
1283 2383 1327 2436 ed
1337 2381 1457 2438 Venerei
1465 2385 1530 2454 (B).

224 2465 325 2522 11111111
340 2470 363 2536 1,
382 2469 435 2520 271
452 2468 502 2521 hat
519 2467 612 2521 dieses
629 2467 698 2520 Lied
715 2465 793 2520 nicht
809 2471 892 2520 uuter
910 2466 956 2520 die
974 2466 1052 2520 alten
1070 2467 1197 2537 Hymnen
1212 2468 1443 2542 auspenomen,
1461 2474 1532 2528 well

225 2569 258 2608 er
275 2570 307 2608 11
322 2571 377 2608 nur
395 2554 441 2607 bei
459 2555 617 2610 Cassander
634 2551 716 2622 land,
735 2553 857 2608 eundern
870 2553 959 2624 Jenen
977 2554 1176 2625 beigeordnet,
1195 2558 1240 2612 die
1258 2559 1286 2614 in
1304 2561 1358 2616 den
1375 2561 1531 2618 Brevieren

225 2641 276 2696 des
296 2644 330 2696 ll
347 2643 442 2697 Jahrn
461 2642 657 2711 vorkommen,
681 2657 744 2696 was
763 2641 905 2714 unrichtig
922 2643 973 2712 ist,
1001 2643 1037 2698 da
1062 2657 1093 2698 en
1111 2642 1140 2698 in
1157 2643 1209 2700 dae
1227 2643 1320 2701 fonte
1337 2647 1530 2708 immundam
1623 2679 1624 2690 .

221 2732 335 2802 gelrdrt.

318 2890 329 2926 ¹
347 2890 486 2966 hymnum,
504 2890 537 2945 A.
556 2889 716 2960 gewlinlich
733 2889 853 2942 braucht
871 2888 916 2944 die
934 2889 982 2944 lis.
1001 2887 1052 2944 das
1070 2891 1159 2944 Wort
1175 2889 1295 2957 neunal,
1314 2904 1375 2944 was
1393 2890 1439 2944 ich
1457 2894 1529 2947 auch

225 2979 256 3034 in
274 2979 380 3034 andem
397 2980 459 3034 1111.
478 2979 527 3034 (111
546 2979 673 3034 olahrh.
692 2975 949 3050 angetroffen,·die
968 2994 1005 3032 an
1023 2979 1067 3034 die
1086 2978 1184 3046 lingua
1197 2976 1303 3032 rustica
1321 2975 1448 3046 streifen,
1466 2993 1529 3036 was

223 3066 272 3122 iiir
291 3069 341 3123 dae
359 3069 433 3122 hehe
450 3067 532 3123 Alter
550 3067 663 3121 solcher
681 3067 809 3137 Hymnen
827 3065 941 3136 spricht.
978 3067 993 3116 1
1013 3063 1137 3118 clamitet
1154 3064 1185 3117 B.
1220 3065 1237 3117 9
1255 3062 1386 3134 profecto
1400 3066 1432 3134 B,
1451 3065 1530 3122 uiolet

223 3162 290 3228 gut,
322 3157 394 3212 denn
415 3172 449 3209 oe
466 3155 505 3210 ist
523 3155 568 3210 ein
585 3155 747 3225 Wortnpiel
770 3153 913 3208 awischen
930 3149 1089 3222 profectum
1113 3150 1169 3204 und
1186 3151 1342 3220 proditum,
1373 3154 1429 3208 und
1442 3155 1529 3226 jener

224 3245 301 3299 etelrt
318 3241 365 3298 fiir
382 3243 510 3312 missurn,
538 3241 597 3296 scil
622 3259 640 3296 a
657 3247 746 3313 patre.
793 3243 829 3296 20
855 3255 940 3294 verus
957 3240 990 3295 A.
1038 3242 1073 3292 22
1100 3239 1225 3310 genitum
1243 3242 1273 3296 B.
1319 3243 1357 3296 28
1383 3243 1479 3314 gloria
1495 3245 1530 3300 A.

221 3333 342 3388 33-36
360 3329 456 3386 iedrlen
474 3331 503 3386 in
521 3335 552 3390 Α,

311 3469 346 3525 V.
365 3473 388 3526 5.
416 3471 539 3526 oracula.
563 3473 641 3544 Lege
659 3471 750 3526 librum
769 3487 864 3525 emnee
882 3471 1073 3541 propheticos,
1090 3487 1148 3526 nun
1161 3469 1306 3526 intellecto
1320 3469 1442 3540 christo,
1461 3435 1529 3540 quid

223 3562 281 3613 tam
307 3559 456 3630 insipidum
483 3565 511 3614 et
537 3557 644 3614 fatuum
667 3559 813 3613 inveniesi
840 3557 969 3630 intellige
997 3557 1037 3612 mi
1060 3559 1214 3626 Christum,
1241 3575 1299 3613 non
1326 3559 1416 3614 solum
1442 3559 1528 3631 sapit,

222 3645 299 3717 quod
317 3647 399 3718 legis,
419 3647 470 3702 sed
488 3648 572 3702 etiam
590 3648 718 3702 inebriat.
747 3647 926 3718 iapudiam
945 3661 1044 3718 evang.
1063 3645 1126 3703 Jolu
1145 3647 1170 3716 1,
1186 3647 1212 3700 9,
1239 3647 1298 3712 §d

312 3751 344 3806 V.
363 3756 386 3806 1.
414 3751 538 3808 redemit.
565 3752 628 3823 Vgl
642 3753 695 3807 No.
709 3753 752 3820 25,
767 3753 809 3806 85.
844 3751 924 3807 Nach
942 3751 1047 3806 diesem
1060 3747 1185 3822 Begriffe
1202 3749 1276 3804 wird
1292 3749 1419 3806 Christus
1438 3751 1528 3806 sehon

228 3838 275 3893 bei
293 3839 347 3893 den
364 3840 441 3895 alten
455 3837 797 3894 Kirchenschriftstellern
814 3840 865 3894 mit
878 3840 967 3894 einem
980 3837 1139 3894 Kaufmann
1151 3837 1323 3909 verglichen.
1349 3838 1394 3894 Ad
1411 3841 1527 3893 nostras

220 3945 329 3984 merces
347 3936 487 3986 mercator
505 3930 554 3984 ille
573 3929 723 3984 descendit.
749 3931 883 4000 depretiat
901 3945 981 3983 serm.
1000 3930 1066 3998 130,
1084 3931 1124 3995 2,
1148 3925 1273 3980 welcher
1291 3926 1350 3980 dies
1369 3924 1526 3980 Gleichniss

221 4019 296 4070 noch
313 4017 415 4072 weiter
433 4015 568 4071 ausfdhrt.
604 4016 642 4070 Er
668 4017 840 4071 wiederholt
864 4017 940 4071 dieue
958 4015 1169 4087 Vergleichung
1192 4014 1222 4068 in
1240 4029 1339 4085 evang.
1354 4012 1418 4069 Jnn.
1436 4015 1461 4080 3,
1481 4011 1523 4065 13.

220 4104 238 4169 i
267 4107 306 4160 11.
340 4106 419 4174 emit,
438 4105 487 4159 ubi
510 4105 629 4176 pretium
654 4105 736 4160 dedit.
777 4122 834 4160 non
858 4106 946 4160 tacuit
970 4106 998 4160 in
1026 4101 1193 4161 commercio
1220 4117 1285 4170 suo,
1319 4099 1385 4170 quid
1412 4097 1527 4168 emerit;

221 4189 290 4246 fecit
313 4193 432 4247 tabulas.
468 4193 614 4247 Tertulliun.
639 4193 673 4246 de
695 4190 768 4264 fuga
787 4196 828 4246 12.
852 4193 899 4246 ecl
922 4194 1007 4248 cessit
1030 4194 1104 4248 diem
1127 4189 1276 4262 emptionir
1300 4191 1420 4256 noetree3
1450 4185 1527 4256 apud

219 4276 328 4334 inferos
354 4279 539 4348 emancipatio
562 4284 661 4334 nostra
686 4286 729 4336 est
750 4285 778 4336 et
797 4279 943 4351 stipulatio
962 4287 1061 4337 nostra
1078 4283 1107 4336 in
1126 4278 1211 4333 caelis.
1244 4274 1372 4330 dominus
1390 4273 1527 4328 virtutum
1620 4317 1621 4328 ,

219 4365 359 4419 hominem
378 4367 411 4420 de
424 4365 518 4434 terris,
536 4365 619 4421 immo
638 4369 673 4423 ab
692 4365 800 4438 inseris,
817 4373 958 4424 mercatus
976 4370 1005 4424 in
1023 4371 1117 4426 coeloe.
1133 4399 1165 4410 —
1186 4365 1290 4420 unicus.
1308 4365 1412 4434 deputet.
1430 4377 1526 4418 sermo
1620 4365 1621 4370 ’

222 4455 267 4522 30,
282 4456 306 4508 5.
333 4455 387 4507 hoc
415 4459 459 4508 est
482 4454 642 4510 christianae
667 4453 733 4510 fidei
756 4455 977 4515 fundamentum:
1008 4474 1079 4512 unns
1103 4459 1133 4510 et
1158 4469 1237 4509 unus.
1267 4467 1338 4506 unus
1356 4447 1453 4519 homo,
1472 4463 1527 4519 per

220 4556 302 4610 quern
319 4540 408 4608 ruina,
426 4540 498 4596 alius
516 4543 608 4611 homo,
627 4560 679 4613 per
697 4560 777 4616 quem
791 4549 939 4613 structura,
957 4544 1101 4614 perillum
1115 4543 1205 4611 ruina,
1223 4555 1274 4612 per
1288 4539 1360 4592 huno
1375 4541 1525 4592 structura·

222 4627 332 4695 cecidit,
350 4627 397 4696 qui
414 4643 471 4681 nnn
487 4629 597 4700 mansit,
615 4631 708 4702 erigit,
727 4631 775 4702 qui
791 4647 849 4686 non
866 4632 974 4690 cecidit
1005 4632 1063 4689 ruit
1080 4629 1138 4702 ille,
1157 4629 1222 4702 quia
1238 4625 1343 4686 dimisit
1360 4627 1525 4691 aaronem,

217 4729 333 4769 manens
351 4714 400 4770 ille
425 4717 569 4776 descondit
588 4719 789 4795 adjacentem
