3282 5370
115 477 277 544 destruens
300 475 490 558 haeretieos,
528 523 532 532 .

151 582 211 664 qui-
227 587 301 645 runt
322 581 398 644 vitae
420 599 525 644 vanae.

114 685 220 750 horum
243 703 327 765 auge
351 683 512 765 meritum,

151 788 204 870 qui
226 794 259 851 te
280 785 416 852 creduut
434 804 513 850 saue

115 891 190 956 illius
215 887 376 972 effigiem,

124 993 127 998 ’
154 994 205 1077 qui
225 1013 285 1058 rex
307 991 344 1058 fit
368 1011 409 1058 ex
433 1010 527 1076 pune.

119 1153 208 1222 Salve
232 1163 343 1221 nostra
365 1153 471 1238 gloria

155 1261 184 1326 iu
205 1261 267 1326 hau
288 1257 357 1346 vitd
380 1255 461 1324 durd

116 1363 194 1432 labili
216 1372 249 1430 et
271 1363 380 1445 flebili,

155 1467 213 1531 uito
236 1463 426 1546 transiturd3

117 1587 168 1633 uus
186 1568 311 1654 perdue
333 1568 375 1632 ad
397 1567 552 1652 patriam,

155 1694 171 1740 ο
190 1677 270 1740 felix
292 1674 415 1757 figura,

116 1776 152 1842 ad
171 1777 342 1854 videndam
365 1775 497 1858 faeiem,

153 1899 222 1962 quae
245 1867 296 1943 est
318 1876 439 1942 Christi
461 1895 552 1960 pura.

113 2040 202 2110 Salve
228 2063 249 2108 ο
271 2043 442 2125 sudarium,

150 2149 254 2214 nobile
273 2147 400 2232 jouale,

115 2270 147 2316 es
166 2261 309 2318 uestrum
332 2251 481 2315 solatium

150 2365 180 2421 et
198 2355 387 2421 memoriale

110 2459 189 2544 ejus,
212 2461 270 2545 qui
292 2449 518 2544 eorpus‘eulum

148 2565 321 2647 assumpsit
337 2563 490 2644 mortale,

105 2676 248 2734 nostrum
269 2687 382 2732 verum
400 2663 554 2750 gaudium

148 2783 179 2838 et
199 2777 321 2840 bouum
344 2771 451 2867 finale.

105 2936 200 3005 Salve
219 2939 322 3025 jubar
345 2937 471 3022 saeculi,

144 3045 243 3130 stella¹
264 3042 435 3124 matutina,

103 3147 135 3212 iu
156 3149 337 3232 conspeetu
358 3144 471 3230 populi

143 3253 253 3335 fulget
274 3251 330 3314 lux
353 3249 478 3331 divina,

103 3373 173 3440 quae
196 3362 252 3420 est
273 3373 352 3419 cura
373 3351 534 3436 languidi,

141 3459 220 3523 vitae
245 3456 413 3521 medisina.
492 3467 493 3472 ’

99 3580 158 3628 uos
180 3563 215 3627 iu
234 3561 354 3626 mundo
376 3561 467 3627 labili

141 3682 260 3729 serves
283 3683 304 3726 a
325 3661 427 3727 ruiud.

98 3826 199 3895 Salve
224 3848 354 3912 gemma
375 3825 508 3908 nobilis,

140 3955 226 3998 vera
248 3932 442 4014 margarita,

96 4038 221 4102 coelicis
245 4037 417 4101 virtutibus

135 4140 291 4224 perfecte
313 4139 443 4220 munita,

92 4261 158 4308 uon
181 4241 319 4326 depicta
340 4241 485 4307 manibus

181 4447 234 4503 111.
255 4461 293 4500 uu
310 4445 466 4502 Karlsruhe
484 4463 510 4503 u.
528 4446 563 4504 N.
585 4462 643 4504 von
661 4447 739 4503 idid.
762 4446 805 4501 Bl.
822 4447 866 4502 65.
889 4446 954 4517 (Κ).
989 4447 1041 4504 Die
1060 4445 1203 4514 Stropheu
1222 4435 1410 4495 11111111οηί11-

829 476 957 560 seulpta
981 476 1036 542 vel
1059 477 1176 562 polita,

746 607 749 614 .
784 576 854 644 hou
872 577 933 642 suit
954 595 1095 644 summus
1118 581 1246 666 artifex,

829 681 884 764 qui
906 687 938 746 te
962 681 1040 748 feeit
1061 683 1116 750 ita.

690 785 731 850 3⁰
783 844 845 912 Ille
868 845 960 911 eulor
982 846 1132 930 eoelieus,

828 952 883 1034 qui
904 951 937 1014 iu
959 959 992 1016 te
1015 952 1228 1038 splendeseit,

784 1053 818 1118 iu
840 1053 956 1118 eodem
977 1063 1150 1140 permanet

828 1163 930 1240 statu,
952 1175 1014 1221 neu
1037 1155 1215 1242 decrescit,

785 1259 934 1328 diuturno
959 1267 1105 1345 tempore

689 1361 731 1426 35
826 1364 954 1429 minime
976 1364 1135 1447 pulleseit.

697 1477 700 1484 '
749 1498 753 1509 ·
784 1465 862 1530 feeit
884 1475 916 1530 te
939 1487 999 1530 rex
1022 1467 1153 1550 glorias,

827 1569 941 1635 fallere
965 1569 1018 1654 q'ui
1042 1573 1154 1637 nescit.

783 1733 940 1800 Nesuieuu
965 1735 1161 1818 putredinis,

687 1875 729 1939 40
828 1857 964 1904 servans
982 1839 1216 1925 incorruptum,

784 1939 872 2024 quod
894 1947 944 2004 est
966 1940 1198 2021 auhristieplis

827 2061 937 2110 ueram
960 2052 992 2110 te
1011 2045 1192 2110 deductum.

781 2155 817 2213 tu
840 2149 942 2212 vertis
965 2149 998 2212 iu
1022 2148 1175 2232 gaudium

825 2251 978 2332 gemitum
1001 2257 1034 2313 et
1056 2251 1195 2332 luctum,

781 2353 896 2417 uenter
918 2351 1162 2416 saluberrimum

687 2456 728 2518 45
825 2461 859 2518 te
880 2451 1013 2522 videndi
1034 2452 1181 2516 fructum.

782 2616 883 2683 Salve
907 2617 1007 2685 deous
1032 2618 1159 2700 saeauli,
1193 2621 1195 2626 '

825 2724 992 2808 speculum
1015 2731 1217 2806 sauctorum,

782 2829 869 2916 quod
891 2830 1004 2894 videre
1024 2833 1156 2915 eupiunt

825 2936 957 3020 spiritus
980 2937 1143 3001 caelorum.

686 3039 727 3103 50
780 3057 841 3103 uos
864 3043 905 3104 ab
924 3041 1009 3103 omui
1027 3037 1154 3104 macula

784 3171 787 3178 ¹
823 3163 930 3228 purga
952 3144 1104 3208 vitiorum

782 3255 878 3330 atque
900 3265 960 3312 uos
984 3247 1148 3312 consortio

709 3381 720 3408 ι
821 3349 926 3434 junge
948 3353 1126 3416 beatorum.

780 3510 860 3577 Esto
883 3513 977 3577 uobis
1002 3527 1183 3595 quaesumus

822 3623 924 3681 tutum
947 3593 1152 3702 adjurameu,

780 3719 874 3786 dulce
889 3720 1095 3802 refrigerium

825 3831 922 3906 atque
945 3821 1169 3900 consolameu,

780 3934 816 3992 ut
838 3927 931 3991 nobis
953 3942 1019 3988 nou
1040 3928 1159 3988 noceat

823 4034 941 4098 hostile
966 4051 1158 4116 gravamen,

685 4135 726 4200 60
781 4139 840 4204 sed
862 4138 1005 4202 fruamur
1027 4135 1139 4220 requie

726 4235 729 4244 ’
825 4259 897 4308 oum
919 4241 1031 4328 beatis.
1060 4259 1162 4304 amen.

685 3560 727 3622 55

1363 4131 1465 4228 15Ι

88 4535 139 4593 der
165 4537 217 4594 lIs.
249 4533 394 4607 jedesmal
420 4552 471 4591 aus
498 4536 560 4590 vier
583 4535 689 4608 langen
711 4535 828 4589 Verseu.
876 4534 924 4590 lls.
947 4551 983 4588 111
1006 4529 1145 4602 Freiburg
1177 4529 1229 4584 Nu.
1247 4527 1290 4580 91.
1321 4520 1404 4578 fid.

88 4625 123 4678 15
140 4624 249 4682 Jahrb.
270 4623 333 4693 (F),
351 4623 394 4678 als
414 4623 507 4678 oratio
526 4622 602 4678 edita
618 4637 671 4693 per
688 4636 792 4692 papam
808 4621 928 4676 dohauu.
945 4619 1028 4677 xxii
1064 4621 1115 4675 Die
1134 4617 1197 4672 llss.
1212 4612 1259 4668 RS
1276 4610 1334 4666 und
1351 4610 1403 4666 der

83 4711 183 4773 11111111
201 4714 228 4773 P
255 4710 322 4769 siud
345 4713 392 4772 bei
415 4713 466 4771 der
489 4713 610 4788 vorigeu
626 4711 759 4771 Nummer
782 4715 913 4784 genauut.
948 4710 978 4768 lu
996 4709 1018 4768 F
1036 4705 1136 4778 folgeu
1155 4701 1240 4772 obige
1258 4698 1410 4776 §trophea
