3312 5366
187 290 255 362 aa*

240 475 400 554 odiosum,
423 474 566 556 utrisque
791 475 809 535 5
915 472 980 538 Per
1002 491 1062 536 ves
1085 481 1274 556 argenteum

240 585 274 641 et
297 575 466 641 amandum
489 583 522 639 et
543 574 640 639 valde
917 578 1065 660 cognitus
1088 585 1139 642 est
1161 577 1333 662 fratribus,

239 679 416 744 terribilem
439 678 544 750 fecisti

917 763 977 842 Qui
999 783 1059 829 nos
1082 765 1125 829 ed
1142 773 1262 830 terram
1446 770 1489 832 15

238 805 291 873 Ex
312 807 516 892 praecognita
537 805 622 869 fame
1012 869 1018 883 ,
1199 871 1206 884 ,
1254 871 1260 884 ,

915 886 1084 958 promissae
1106 888 1279 948 mansiones

240 915 274 972 et
296 909 485 990 erogatione

239 1012 403 1094 “ml‘’
917 1057 1047 1123 Pharao

187 1151 217 1215 2.
241 1150 301 1228 Qui
323 1149 432 1213 fratris
915 1159 1075 1250 perducat
1097 1161 1247 1226 extincto.

238 1255 358 1319 minimi
380 1271 479 1318 eausa

273 1441 332 1496 Aus
351 1439 498 1497 deraelbeu
516 1439 561 1496 ur.
589 1436 640 1500 fol.
660 1436 700 1492 18.

275 1567 310 1620 td
328 1581 372 1634 er,
391 1564 438 1619 Hs.

274 1685 308 1739 V.
329 1689 369 1740 1⁷.
396 1687 510 1743 Pharao
528 1684 585 1740 und
602 1681 866 1737 Nabuchodonosor
884 1679 946 1734 sind
959 1679 1095 1738 Abbilder
1114 1681 1163 1738 des
1179 1677 1293 1738 Teufels
1309 1679 1367 1736 aad
1379 1677 1488 1748 (logen-

187 1775 265 1829 sdtua
294 1773 342 1827 des
371 1779 457 1844 guteu
483 1773 583 1828 Hirten
610 1770 747 1828 Christus.
782 1769 899 1840 Oripeotc
923 1767 1016 1822 homil.
1041 1768 1070 1820 in
1096 1769 1195 1829 leram
1223 1771 1253 1838 5,
1279 1769 1302 1821 6.
1351 1768 1402 1826 Die
1419 1765 1490 1820 Ver-

187 1860 340 1932 gleichung
359 1859 702 1928 admonitiunculam
719 1860 870 1928 Aegypton
893 1855 1000 1912 kommt
1027 1855 1099 1918 auch
1127 1855 1228 1920 iuden
1244 1855 1485 1920 Fronleichnams·

187 1949 297 2003 liedern
315 1965 375 2003 vor.
411 1949 504 2004 Uabcr
523 1948 566 2002 die
584 1943 732 2020 figiirliche
751 1947 915 2016 Bedeutung
934 1946 1099 2016 Aegyptens
1118 1949 1185 2014 sagt
1203 1945 1327 2015 Orlpeoer
1340 1942 1412 1998 hom.
1426 1945 1451 2012 9,
1464 1946 1489 1998 2.

188 2033 238 2091 οὐκ
256 2036 314 2090 ἐστὶ
333 2034 398 2106 αὕτη
416 2034 432 2106 ἡ
447 2033 594 2114 &munros
612 2035 629 2106 ἡ
648 2032 835 2108 πνευματικῶς
853 2037 1003 2107 καλουμένη
1017 2031 1172 2109 Umentes.
1208 2031 1237 2087 S.
1255 2033 1308 2086 No.
1326 2032 1368 2100 68,
1387 2033 1411 2088 9.

545 2339 627 2414 178.
665 2339 852 2410 Dominica
879 2337 1121 2434 (troparium).

187 2546 216 2608 1.
238 2541 289 2608 En
310 2549 466 2625 regnator
913 2503 1044 2605 labores
1065 2539 1238 2621 indulgens

238 2647 430 2730 coelestium,
449 2654 666 2730 terrenorum,
914 2644 1073 2706 miserans
1094 2660 1215 2724 eorum,
1239 2641 1293 2723 qui
1314 2637 1427 2713 timent

236 2763 351 2829 Victor
373 2767 467 2831 fortis
867 2785 868 2790 κ
915 2745 1086 2828 potestatis
1108 2745 1210 2828 ipsius
1233 2750 1352 2808 nutum.
1447 2744 1488 2806 10

237 2869 440 2933 infernalium
462 2889 636 2951 regnorum

227 2987 275 3056 'In
298 2989 376 3052 sede
399 2991 526 3054 sibimet
548 2989 646 3072 digna
790 2991 808 3050 5

237 3092 356 3156 sedens
378 3101 487 3166 rector
508 3095 714 3178 angelorum

915 2923 1042 2992 Idcirco

913 3030 1049 3095 mundus
1073 3032 1174 3096 omnis
1196 3030 1347 3115 plaudat,

910 3131 1043 3216 jubilet,
1067 3141 1163 3198 canat
1186 3133 1334 3200 exultans

184 3232 216 3302 2.
238 3229 403 3301 numanus
914 3243 1102 3314 cunctorum
1125 3237 1318 3304 saeculorum
1335 3235 1465 3318 reatori.

273 3416 332 3472 Ans
352 3416 500 3471 derselben
518 3417 564 3472 ils.
589 3413 609 3470 f.
628 3417 669 3471 18,

186 3573 190 3580 ·
272 3539 408 3596 dhaem·
424 3541 465 3596 ist
480 3543 556 3596 redet.
592 3543 627 3594 14
644 3542 696 3595 hat
712 3541 756 3596 dio
773 3542 819 3598 Hs.
839 3544 919 3599 einen
936 3546 1050 3602 Abanta.

267 3661 304 3717 Ὗ.
322 3665 345 3718 5.
364 3663 388 3717 6.
415 3663 537 3719 Dextera
560 3665 650 3734 patris
675 3671 719 3721 est
742 3667 887 3724 beatitudo
912 3675 1065 3743 perpetua,
1098 3685 1160 3742 quae
1179 3671 1285 3724 sanctis
1304 3657 1487 3743 promittitun

183 3748 256 3805 sicut
274 3749 390 3806 sinistra
409 3752 471 3824 ejus
489 3752 644 3808 rectissime
664 3753 765 3810 dicitur
782 3756 894 3812 miseria
912 3765 1057 3829 perpetua,
1077 3775 1138 3828 qnae
1157 3758 1248 3828 impiis
1264 3759 1354 3813 datur.
1381 3759 1486 3830 depost.

184 3835 217 3890 do
236 3853 329 3909 agone
348 3839 443 3894 christ
461 3841 503 3894 28.
540 3839 646 3896 Sedere
665 3843 740 3912 quod
759 3843 859 3898 dicitur
878 3845 954 3914 deus,
973 3862 1030 3900 non
1048 3846 1235 3900 membrorum
1252 3847 1421 3924 positionem
1435 3845 1485 3901 sed

179 3923 359 3996 judiciariam
377 3925 519 3999 significat
537 3933 714 4000 potestatem.
749 3933 822 3987 idern
843 3931 876 3987 de
895 3931 950 3989 fide
969 3940 1001 3992 et
1016 3935 1102 4006 symb.
1123 3936 1164 3990 14.

498 4214 581 4286 179.
616 4214 809 4315 Sequentia
836 4217 880 4288 de
907 4221 1031 4318 spiritu
1058 4229 1189 4291 sancto.

185 4398 215 4462 1.
239 4395 265 4460 0
287 4397 371 4480 ignis
395 4401 525 4484 spiritus
547 4389 715 4488 paracliti,
752 4405 820 4472 vita
847 4407 924 4472 vitae
953 4409 1054 4472 omnis
1079 4415 1252 4488 creaturae,
1290 4415 1419 4472 sanctus
1448 4425 1484 4472 es

236 4501 432 4576 vivificando
456 4505 584 4571 formas.
1254 4515 1255 4520 ’

183 4606 215 4674 2.
239 4603 378 4672 Sanctus
400 4628 436 4674 es
458 4611 611 4694 ungendo
633 4612 815 4696 periculose
833 4614 965 4700 fractos,
988 4623 1118 4681 sanctus
1138 4633 1173 4678 es
1191 4614 1351 4696 tergendo
1370 4615 1484 4688 fetida

237 4710 381 4778 vulnera.
