3282 5370
209 269 277 336 1oo

208 455 311 525 Dulce
334 458 450 524 minus
472 459 624 540 laterale,
795 460 836 521 55

208 561 293 646 inter
315 559 422 624 fontes
444 561 564 626 nullum
583 561 649 624 talc

252 669 367 726 nectar
388 681 524 744 usquam
545 662 670 745 poculi3

209 784 285 845 ccc,
304 765 403 846 cclcc,
423 768 536 847 ccccc,
559 764 629 830 calc

212 869 328 934 contra
349 886 510 932 venenum
532 865 654 929 lethale

219 1041 226 1052 ,
254 969 454 1036 medicamen
476 970 598 1054 populi
797 971 837 1034 60

210 1123 312 1191 Salve
334 1125 451 1190 vulnus
473 1125 600 1189 dextrae
622 1144 745 1208 manus,

209 1229 300 1293 velut
320 1228 553 1310 Phison-rivus
575 1229 692 1312 planus

253 1332 379 1394 miseris
403 1333 599 1413 scaturienS,

211 1435 299 1518 quod
321 1434 457 1500 Judaeus
479 1434 687 1516 inhumanus,

209 1539 399 1603 inhonestus
422 1545 455 1600 et
476 1539 608 1602 insanus
797 1539 837 1602 65

254 1641 350 1720 fodit,
374 1641 469 1704 deum
491 1641 656 1705 nesciens:

213 1793 261 1858 Te
285 1794 452 1888 adoro„te
474 1795 616 1878 honoro,

214 1903 249 1962 te
271 1897 408 1979 inquiro,
431 1905 464 1961 te
486 1897 614 1980 inploro

257 2019 322 2084 ego
344 2001 442 2065 miser
463 2003 620 2084 moriens,
742 2058 745 2064 ,

211 2105 303 2168 utin
326 2105 536 2169 contritorum
559 2105 676 2187 choro,
797 2106 837 2170 70

210 2206 245 2270 in
267 2224 332 2290 quo
355 2205 516 2289 sperando
538 2207 665 2290 laboro,

255 2327 417 2390 nunquam
439 2308 498 2372 sim
521 2307 685 2374 deficiens.

209 2461 287 2533 Ave
309 2465 353 2528 mi
375 2465 504 2529 sinistra
527 2463 663 2550 Christi,

209 2568 379 2653 perforata
402 2589 477 2652 quae¹
497 2569 585 2634 fuisti

256 2672 350 2737 clavo
373 2673 633 2756 praedurissimo:

209 2776 302 2839 velut
324 2774 419 2858 Gyon
442 2775 584 2840 effudisti

210 2877 315 2940 rivum
337 2883 434 2958 tuum,
459 2894 522 2958 quo
546 2876 655 2940 lavisti

257 2998 317 3045 nos
340 3001 360 3044 a
381 2981 494 3044 morbo
512 2979 664 3062 pessimo.

211 3135 259 3201 'l'e
283 3137 310 3202 o‘
325 3136 442 3200 vulnus
466 3134 655 3218 adoramuS,

210 3240 271 3305 tibi
294 3247 391 3322 caput
413 3239 603 3304 inclinamus
794 3243 837 3307 80

256 3351 292 3406 ut
313 3343 394 3406 fonti
414 3342 613 3412 dulcissimo:

209 3466 272 3530 per
294 3453 327 3509 te
349 3445 423 3529 fiat,
446 3448 669 3522 utvincamus
692 3461 695 3468 '

210 3550 323 3615 hostes
346 3557 380 3615 et
401 3557 437 3615 nt
459 3546 658 3633 gaudeamus

253 3655 287 3719 iu
310 3654 362 3720 die
384 3656 570 3722 novissimo.

211 3795 313 3862 Salve
335 3799 451 3863 vulnus
474 3799 581 3863 dextri
602 3799 727 3886 pedis,
796 3805 839 3869 85

210 3906 247 3964 tu
270 3900 394 3964 cruoris
418 3903 524 3964 rivum
547 3901 616 3966 edis

258 4001 349 4085 Tigri
370 3991 606 4088 conparahilis:

210 4125 273 4190 per
294 4105 381 4171 hunc
402 4108 506 4172 rivum
524 4108 620 4175 homo
643 4111 732 4176 redis

211 4209 256 4275 ad
279 4229 430 4294 supernae
453 4201 577 4279 c'ulmen
600 4217 706 4300 sedis,

256 4313 311 4377 ubi
333 4331 399 4397 pax
422 4323 473 4380 est
494 4318 628 4384 stabilis.
797 4325 838 4387 90

210 4449 275 4515 Per
297 4451 361 4517 hoc
383 4455 517 4538 vulnus,
540 4457 604 4523 hoc
627 4458 772 4526 foramen

209 4552 294 4618 fudit
317 4557 441 4621 cruoris
463 4559 603 4626 hbamen

255 4656 335 4724 deus
353 4661 567 4746 inpassibilis:

889 452 984 518 nohis
1006 471 1136 536 semper
1157 450 1200 515 sit
1221 450 1365 514 solamen

890 555 971 620 illud
992 555 1109 619 vulnus
1135 561 1168 616 et
1187 559 1346 633 tutamen,
1478 553 1520 616 05

935 655 1009 721 dum
1031 673 1118 719 mors
1142 653 1234 718 adest
1256 653 1383 718 flebilis.

889 812 984 882 Laevi
1004 813 1100 897 pedis
1122 812 1280 896 perforati

892 935 954 982 ave
975 917 1107 998 vulnus,
1130 916 1163 979 in
1187 933 1250 998 quo
1272 916 1342 999 ‘pati

935 1017 1015 1082 deus
1037 1017 1134 1081 homo
1156 1017 1277 1082 voluitt

892 1119 1133 1206 conparandum
1157 1139 1193 1183 es
1216 1119 1390 1204 Euphrati,
1455 1123 1516 1187 100

890 1233 1007 1311 perte
1030 1245 1137 1290 sumus
1159 1225 1289 1310 liberati
1342 1293 1345 1302 Α

934 1346 1009 1410 nos,
1033 1345 1114 1409 quos
1137 1331 1250 1393 umbra
1274 1329 1385 1394 tenuit.

890 1483 993 1564 Dulce
1015 1484 1149 1574 vulnus,
1173 1484 1275 1550 dulcis
1297 1485 1410 1550 clavus

891 1590 1071 1653 et·cruoris
1095 1589 1199 1654 dulcis
1220 1590 1315 1654 favus

933 1711 995 1775 per
1016 1691 1097 1754 illud
1119 1693 1282 1774 efferbuit,
1497 1696 1518 1756 5

890 1814 952 1878 per
974 1801 1180 1878 teresurgat
1201 1797 1356 1880 ignavus,

892 1897 1080 1962 emendetur
1102 1899 1198 1992 homo
1220 1919 1352 1982 pravus,

935 2002 969 2064 iu
991 2009 1023 2065 te
1048 2002 1102 2084 qni
1124 2021 1214 2087 spem
1237 2002 1356 2070 habuit.

892 2155 919 2220 0
942 2157 1062 2240 Maria,
1085 2159 1210 2244 plasma
1224 2147 1315 2241 nati,

891 2279 962 2327 cnm
984 2262 1093 2326 vidisti
1114 2270 1224 2327 natum
1246 2263 1330 2346 pati,
1477 2264 1518 2327 10

934 2365 1004 2446 quis
1028 2371 1060 2428 te
1083 2363 1176 2428 dolor'
1198 2365 1327 2429 tenuit‘l

889 2483 955 2530 non
978 2473 1028 2529 est
1049 2465 1113 2530 hoc
1134 2465 1324 2534 humanitati

890 2569 974 2635 scire
998 2569 1107 2634 datum
1129 2571 1226 2655 nequi
1251 2570 1335 2654 vati,
1446 2600 1452 2606 ·

932 2673 1039 2746 nullus
1061 2674 1157 2744 homo
1180 2675 1294 2760 potuit.

889 2827 965 2894 Prae
987 2828 1101 2898 dolore
1123 2830 1309 2914 perforetur
1355 2839 1362 2848 ‘
1477 2832 1520 2894 15

810 2919 818 2944 '
890 2951 981 2998 meus
995 2953 1076 2998 >mea
1094 2939 1127 2996 et
1151 2933 1329 3016 crucietur,

934 3054 1008 3119 quae
1032 3034 1178 3099 dolorem
1200 3036 1334 3118 meruit,

890 3157 932 3202 ue
954 3138 987 3200 in
1010 3136 1074 3200 fine
1098 3136 1370 3220 condempnetur,

890 3240 951 3304 sed
972 3261 1032 3324 per
1053 3259 1168 3324 poenas
1187 3240 1385 3324 emendetur,

801 3341 805 3350 '
935 3345 1010 3427 quia
1032 3345 1131 3416 carni¹
1143 3346 1260 3428 paruit.
1476 3345 1519 3409 20

890 3494 1059 3562 Johannes
1082 3498 1300 3580 evangehsta,

891 3607 926 3665 tu
949 3601 1083 3664 sacrarii
1106 3601 1257 3683 sacrista,

934 3704 1053 3786 inquo
1078 3703 1227 3770 Christus
1246 3705 1368 3788 jacuit,

890 3827 932 3872 ne
954 3806 1089 3870 mundus
1112 3807 1205 3872 fallat
1226 3807 1387 3890 sophista,

891 3933 952 4000 per
978 3921 1010 3977 te
1032 3914 1109 3978 mihi
1132 3914 1227 3980 detur
1249 3916 1326 3998 ista,
1477 3917 1521 3983 25

933 4012 1033 4083 menti
1056 4039 1129 4103 quae
1151 4025 1207 4084 tua
1228 4020 1359 4103 placuit.

892 4155 938 4222 'l'e
960 4159 1087 4240 inquiro
1109 4180 1170 4244 per
1192 4159 1278 4225 hunc
1300 4158 1426 4244 fletum,

890 4280 952 4344 per
975 4259 1121 4324 dolorem
1144 4269 1176 4325 et
1198 4282 1260 4346 per
1281 4268 1417 4346 metum,

934 4381 997 4446 qno
1021 4381 1078 4428 cor
1100 4371 1188 4428 tuum
1210 4364 1358 4448 tremuit,

890 4483 963 4532 cum
984 4465 1115 4531 'videres
1138 4466 1233 4533 deum
1256 4475 1417 4552 spretum,
1475 4467 1522 4534 30

890 4577 926 4636 ut
947 4591 999 4634 me
1021 4571 1120 4637 ducas
1145 4573 1298 4638 adhunc
1326 4579 1459 4656 cetum,

934 4695 1028 4760 quem
1050 4676 1199 4746 Christus
1221 4678 1352 4764 eripuit.
