<?xml version="1.0" encoding="UTF-8"?>
<!DOCTYPE html PUBLIC "-//W3C//DTD XHTML 1.0 Transitional//EN"
    "http://www.w3.org/TR/xhtml1/DTD/xhtml1-transitional.dtd">
<html xmlns="http://www.w3.org/1999/xhtml" xml:lang="en" lang="en">
 <head>
  <title>
</title>
<meta http-equiv="Content-Type" content="text/html;charset=utf-8" />
  <meta name='ocr-system' content='tesseract 3.04.00' />
  <meta name='ocr-capabilities' content='ocr_page ocr_carea ocr_par ocr_line ocrx_word'/>
</head>
<body>
  <div class='ocr_page' id='page_1' title='image "./hymnilatinimedi01monegoog_0369.png"; bbox 0 0 3324 5358; ppageno 0'>
   <div class='ocr_carea' id='block_1_1' title="bbox 192 305 261 376">
    <p class='ocr_par' dir='ltr' id='par_1_1' title="bbox 192 305 261 376">
     <span class='ocr_line' id='line_1_1' title="bbox 192 305 261 376; baseline 0 0"><span class='ocrx_word' id='word_1_1' title='bbox 192 305 261 376; x_wconf 72' lang='lat'><strong>85⁶</strong></span> 
     </span>
    </p>
   </div>
   <div class='ocr_carea' id='block_1_2' title="bbox 130 483 1270 820">
    <p class='ocr_par' dir='ltr' id='par_1_2' title="bbox 191 483 1233 644">
     <span class='ocr_line' id='line_1_2' title="bbox 191 483 1233 560; baseline -0.016 -10"><span class='ocrx_word' id='word_1_2' title='bbox 191 491 256 550; x_wconf 71' lang='lat' dir='ltr'><strong>Ave</strong></span> <span class='ocrx_word' id='word_1_3' title='bbox 273 488 336 560; x_wconf 82' lang='lat' dir='ltr'><strong>spei</strong></span> <span class='ocrx_word' id='word_1_4' title='bbox 355 485 585 558; x_wconf 83' lang='lat' dir='ltr'><strong>supplementum,</strong></span> <span class='ocrx_word' id='word_1_5' title='bbox 874 485 936 540; x_wconf 78' lang='lat' dir='ltr'><strong>Ave</strong></span> <span class='ocrx_word' id='word_1_6' title='bbox 953 483 1042 539; x_wconf 73' lang='lat' dir='ltr'><strong>ihesu</strong></span> <span class='ocrx_word' id='word_1_7' title='bbox 1059 485 1088 536; x_wconf 84' lang='lat' dir='ltr'><strong>et</strong></span> <span class='ocrx_word' id='word_1_8' title='bbox 1105 493 1233 535; x_wconf 88' lang='lat' dir='ltr'><strong>meorum</strong></span> 
     </span>
     <span class='ocr_line' id='line_1_3' title="bbox 192 565 1193 644; baseline -0.013 -11"><span class='ocrx_word' id='word_1_9' title='bbox 192 577 284 635; x_wconf 88' lang='lat' dir='ltr'><strong>omnis</strong></span> <span class='ocrx_word' id='word_1_10' title='bbox 302 577 371 632; x_wconf 90' lang='lat' dir='ltr'><strong>boni</strong></span> <span class='ocrx_word' id='word_1_11' title='bbox 387 573 610 644; x_wconf 83' lang='lat' dir='ltr'><strong>fundamentum,</strong></span> <span class='ocrx_word' id='word_1_12' title='bbox 874 566 941 624; x_wconf 82' lang='lat' dir='ltr'><strong>fave</strong></span> <span class='ocrx_word' id='word_1_13' title='bbox 958 567 1036 624; x_wconf 83' lang='lat' dir='ltr'><strong>votis</strong></span> <span class='ocrx_word' id='word_1_14' title='bbox 1054 565 1193 622; x_wconf 80' lang='lat' dir='ltr'><strong>labiorum</strong></span> 
     </span>
    </p>

    <p class='ocr_par' dir='ltr' id='par_1_3' title="bbox 130 655 1270 820">
     <span class='ocr_line' id='line_1_4' title="bbox 130 655 1270 730; baseline -0.012 -6"><span class='ocrx_word' id='word_1_15' title='bbox 130 716 136 726; x_wconf 91' lang='lat'>.</span> <span class='ocrx_word' id='word_1_16' title='bbox 192 669 257 722; x_wconf 78' lang='lat' dir='ltr'><strong>esto</strong></span> <span class='ocrx_word' id='word_1_17' title='bbox 275 663 343 720; x_wconf 87' lang='lat' dir='ltr'><strong>mihi</strong></span> <span class='ocrx_word' id='word_1_18' title='bbox 359 661 575 730; x_wconf 84' lang='lat' dir='ltr'><strong>firmamentum,</strong></span> <span class='ocrx_word' id='word_1_19' title='bbox 875 661 905 711; x_wconf 83' lang='lat' dir='ltr'><strong>et</strong></span> <span class='ocrx_word' id='word_1_20' title='bbox 924 660 1085 712; x_wconf 80' lang='lat' dir='ltr'><strong>consortem</strong></span> <span class='ocrx_word' id='word_1_21' title='bbox 1102 655 1270 727; x_wconf 82' lang='lat' dir='ltr'><strong>angelorum</strong></span> 
     </span>
     <span class='ocr_line' id='line_1_5' title="bbox 195 741 1227 820; baseline -0.015 -9"><span class='ocrx_word' id='word_1_22' title='bbox 195 751 298 820; x_wconf 69' lang='lat' dir='ltr'><strong>iussu,</strong></span> <span class='ocrx_word' id='word_1_23' title='bbox 316 750 409 806; x_wconf 88' lang='lat' dir='ltr'><strong>laudis</strong></span> <span class='ocrx_word' id='word_1_24' title='bbox 428 753 628 807; x_wconf 79' lang='lat' dir='ltr'><strong>oruamentum.</strong></span> <span class='ocrx_word' id='word_1_25' title='bbox 875 758 938 797; x_wconf 84' lang='lat' dir='ltr'><strong>esra</strong></span> <span class='ocrx_word' id='word_1_26' title='bbox 956 741 1030 798; x_wconf 83' lang='lat' dir='ltr'><strong>velis</strong></span> <span class='ocrx_word' id='word_1_27' title='bbox 1047 758 1091 798; x_wconf 88' lang='lat' dir='ltr'><strong>me</strong></span> <span class='ocrx_word' id='word_1_28' title='bbox 1109 747 1227 798; x_wconf 86' lang='lat' dir='ltr'><strong>tuorum.</strong></span> 
     </span>
    </p>
   </div>
   <div class='ocr_carea' id='block_1_3' title="bbox 192 890 1292 1056">
    <p class='ocr_par' dir='ltr' id='par_1_4' title="bbox 192 890 1292 1056">
     <span class='ocr_line' id='line_1_6' title="bbox 192 890 1268 968; baseline -0.014 -10"><span class='ocrx_word' id='word_1_29' title='bbox 192 900 256 958; x_wconf 72' lang='lat' dir='ltr'><strong>Ave</strong></span> <span class='ocrx_word' id='word_1_30' title='bbox 274 898 354 955; x_wconf 86' lang='lat' dir='ltr'><strong>divos</strong></span> <span class='ocrx_word' id='word_1_31' title='bbox 372 902 404 954; x_wconf 91' lang='lat' dir='ltr'><strong>tu</strong></span> <span class='ocrx_word' id='word_1_32' title='bbox 421 899 490 968; x_wconf 85' lang='lat' dir='ltr'><strong>diei,</strong></span> <span class='ocrx_word' id='word_1_33' title='bbox 875 892 950 959; x_wconf 82' lang='lat' dir='ltr'><strong>Ave,</strong></span> <span class='ocrx_word' id='word_1_34' title='bbox 969 890 1051 963; x_wconf 90' lang='lat' dir='ltr'><strong>enjus</strong></span> <span class='ocrx_word' id='word_1_35' title='bbox 1069 905 1166 946; x_wconf 90' lang='lat' dir='ltr'><strong>manus</strong></span> <span class='ocrx_word' id='word_1_36' title='bbox 1185 904 1268 944; x_wconf 84' lang='lat' dir='ltr'><strong>eruce</strong></span> 
     </span>
     <span class='ocr_line' id='line_1_7' title="bbox 192 973 1292 1056; baseline -0.012 -13"><span class='ocrx_word' id='word_1_37' title='bbox 192 987 268 1044; x_wconf 81' lang='lat' dir='ltr'><strong>assis</strong></span> <span class='ocrx_word' id='word_1_38' title='bbox 285 987 366 1056; x_wconf 87' lang='lat' dir='ltr'><strong>mihi,</strong></span> <span class='ocrx_word' id='word_1_39' title='bbox 385 983 427 1042; x_wconf 84' lang='lat' dir='ltr'><strong>fili</strong></span> <span class='ocrx_word' id='word_1_40' title='bbox 445 987 505 1056; x_wconf 84' lang='lat' dir='ltr'><strong>dei,</strong></span> <span class='ocrx_word' id='word_1_41' title='bbox 876 983 941 1034; x_wconf 89' lang='lat' dir='ltr'><strong>sunt</strong></span> <span class='ocrx_word' id='word_1_42' title='bbox 955 973 1086 1046; x_wconf 80' lang='lat' dir='ltr'><strong>eonfixae,</strong></span> <span class='ocrx_word' id='word_1_43' title='bbox 1105 995 1157 1034; x_wconf 82' lang='lat' dir='ltr'><strong>uos</strong></span> <span class='ocrx_word' id='word_1_44' title='bbox 1177 994 1194 1033; x_wconf 92' lang='lat' dir='ltr'><strong>a</strong></span> <span class='ocrx_word' id='word_1_45' title='bbox 1211 983 1292 1032; x_wconf 88' lang='lat' dir='ltr'><strong>truoe</strong></span> 
     </span>
    </p>
   </div>
   <div class='ocr_carea' id='block_1_4' title="bbox 193 1064 1286 1220">
    <p class='ocr_par' dir='ltr' id='par_1_5' title="bbox 193 1064 1286 1220">
     <span class='ocr_line' id='line_1_8' title="bbox 193 1064 1286 1144; baseline -0.011 -13"><span class='ocrx_word' id='word_1_46' title='bbox 193 1089 231 1131; x_wconf 84' lang='lat' dir='ltr'><strong>ne</strong></span> <span class='ocrx_word' id='word_1_47' title='bbox 248 1090 292 1130; x_wconf 85' lang='lat' dir='ltr'><strong>me</strong></span> <span class='ocrx_word' id='word_1_48' title='bbox 309 1075 425 1130; x_wconf 70' lang='lat' dir='ltr'><strong>vinam</strong></span> <span class='ocrx_word' id='word_1_49' title='bbox 442 1073 596 1144; x_wconf 73' lang='lat' dir='ltr'><strong>Amorraei,</strong></span> <span class='ocrx_word' id='word_1_50' title='bbox 875 1065 964 1121; x_wconf 84' lang='lat' dir='ltr'><strong>Jhesu</strong></span> <span class='ocrx_word' id='word_1_51' title='bbox 982 1064 1079 1120; x_wconf 87' lang='lat' dir='ltr'><strong>solvas</strong></span> <span class='ocrx_word' id='word_1_52' title='bbox 1097 1064 1198 1120; x_wconf 87' lang='lat' dir='ltr'><strong>mortis</strong></span> <span class='ocrx_word' id='word_1_53' title='bbox 1217 1064 1286 1119; x_wconf 85' lang='lat' dir='ltr'><strong>duee</strong></span> 
     </span>
     <span class='ocr_line' id='line_1_9' title="bbox 193 1151 1233 1220; baseline -0.012 0"><span class='ocrx_word' id='word_1_54' title='bbox 193 1161 349 1220; x_wconf 74' lang='lat' dir='ltr'><strong>recordare</strong></span> <span class='ocrx_word' id='word_1_55' title='bbox 367 1162 456 1218; x_wconf 83' lang='lat' dir='ltr'><strong>Jhoou</strong></span> <span class='ocrx_word' id='word_1_56' title='bbox 473 1162 535 1218; x_wconf 85' lang='lat' dir='ltr'><strong>mei</strong></span> <span class='ocrx_word' id='word_1_57' title='bbox 875 1155 913 1210; x_wconf 82' lang='lat' dir='ltr'><strong>ad</strong></span> <span class='ocrx_word' id='word_1_58' title='bbox 932 1151 1079 1212; x_wconf 82' lang='lat' dir='ltr'><strong>frueudmn</strong></span> <span class='ocrx_word' id='word_1_59' title='bbox 1096 1160 1146 1210; x_wconf 90' lang='lat' dir='ltr'><strong>tua</strong></span> <span class='ocrx_word' id='word_1_60' title='bbox 1163 1153 1233 1208; x_wconf 87' lang='lat' dir='ltr'><strong>luoe.</strong></span> 
     </span>
    </p>
   </div>
   <div class='ocr_carea' id='block_1_5' title="bbox 193 1297 1309 1466">
    <p class='ocr_par' dir='ltr' id='par_1_6' title="bbox 193 1297 1309 1466">
     <span class='ocr_line' id='line_1_10' title="bbox 193 1297 1309 1380; baseline -0.011 -12"><span class='ocrx_word' id='word_1_61' title='bbox 193 1309 258 1368; x_wconf 74' lang='lat' dir='ltr'><strong>Avo</strong></span> <span class='ocrx_word' id='word_1_62' title='bbox 275 1310 376 1379; x_wconf 71' lang='lat' dir='ltr'><strong>ihesu,</strong></span> <span class='ocrx_word' id='word_1_63' title='bbox 396 1309 485 1365; x_wconf 86' lang='lat' dir='ltr'><strong>duleis</strong></span> <span class='ocrx_word' id='word_1_64' title='bbox 504 1310 610 1380; x_wconf 72' lang='lat' dir='ltr'><strong>quari,</strong></span> <span class='ocrx_word' id='word_1_65' title='bbox 874 1303 937 1357; x_wconf 84' lang='lat' dir='ltr'><strong>Avo</strong></span> <span class='ocrx_word' id='word_1_66' title='bbox 954 1301 1055 1371; x_wconf 81' lang='lat' dir='ltr'><strong>Jhasu&#39;,</strong></span> <span class='ocrx_word' id='word_1_67' title='bbox 1074 1301 1206 1372; x_wconf 82' lang='lat' dir='ltr'><strong>princeps</strong></span> <span class='ocrx_word' id='word_1_68' title='bbox 1224 1297 1309 1357; x_wconf 81' lang='lat' dir='ltr'><strong>fortis</strong></span> 
     </span>
     <span class='ocr_line' id='line_1_11' title="bbox 194 1389 1282 1466; baseline -0.004 -18"><span class='ocrx_word' id='word_1_69' title='bbox 194 1394 230 1449; x_wconf 87' lang='lat' dir='ltr'><strong>da</strong></span> <span class='ocrx_word' id='word_1_70' title='bbox 249 1396 377 1466; x_wconf 82' lang='lat' dir='ltr'><strong>supernis</strong></span> <span class='ocrx_word' id='word_1_71' title='bbox 394 1393 442 1450; x_wconf 79' lang='lat' dir='ltr'><strong>sao</strong></span> <span class='ocrx_word' id='word_1_72' title='bbox 459 1394 551 1450; x_wconf 84' lang='lat' dir='ltr'><strong>videri</strong></span> <span class='ocrx_word' id='word_1_73' title='bbox 876 1394 906 1446; x_wconf 86' lang='lat' dir='ltr'><strong>et</strong></span> <span class='ocrx_word' id='word_1_74' title='bbox 924 1389 1049 1445; x_wconf 83' lang='lat' dir='ltr'><strong>eoelestis</strong></span> <span class='ocrx_word' id='word_1_75' title='bbox 1068 1391 1123 1445; x_wconf 83' lang='lat' dir='ltr'><strong>dux</strong></span> <span class='ocrx_word' id='word_1_76' title='bbox 1141 1389 1282 1458; x_wconf 75' lang='lat' dir='ltr'><strong>cohortis,</strong></span> 
     </span>
    </p>
   </div>
   <div class='ocr_carea' id='block_1_6' title="bbox 193 1477 1350 1638">
    <p class='ocr_par' dir='ltr' id='par_1_7' title="bbox 193 1477 1350 1638">
     <span class='ocr_line' id='line_1_12' title="bbox 193 1477 1350 1551; baseline -0.006 -12"><span class='ocrx_word' id='word_1_77' title='bbox 193 1486 225 1539; x_wconf 85' lang='lat' dir='ltr'><strong>et</strong></span> <span class='ocrx_word' id='word_1_78' title='bbox 243 1482 277 1538; x_wconf 85' lang='lat' dir='ltr'><strong>de</strong></span> <span class='ocrx_word' id='word_1_79' title='bbox 295 1483 366 1539; x_wconf 82' lang='lat' dir='ltr'><strong>Sion</strong></span> <span class='ocrx_word' id='word_1_80' title='bbox 382 1497 426 1537; x_wconf 84' lang='lat' dir='ltr'><strong>mo</strong></span> <span class='ocrx_word' id='word_1_81' title='bbox 444 1482 532 1551; x_wconf 89' lang='lat' dir='ltr'><strong>tueri,</strong></span> <span class='ocrx_word' id='word_1_82' title='bbox 875 1492 912 1531; x_wconf 83' lang='lat' dir='ltr'><strong>ne</strong></span> <span class='ocrx_word' id='word_1_83' title='bbox 931 1492 974 1532; x_wconf 87' lang='lat' dir='ltr'><strong>mo</strong></span> <span class='ocrx_word' id='word_1_84' title='bbox 992 1483 1102 1548; x_wconf 81' lang='lat' dir='ltr'><strong>premat</strong></span> <span class='ocrx_word' id='word_1_85' title='bbox 1119 1479 1218 1534; x_wconf 88' lang='lat' dir='ltr'><strong>umbra</strong></span> <span class='ocrx_word' id='word_1_86' title='bbox 1235 1477 1350 1546; x_wconf 86' lang='lat' dir='ltr'><strong>mortis,</strong></span> 
     </span>
     <span class='ocr_line' id='line_1_13' title="bbox 193 1563 1325 1638; baseline -0.004 -14"><span class='ocrx_word' id='word_1_87' title='bbox 193 1582 232 1625; x_wconf 84' lang='lat' dir='ltr'><strong>ne</strong></span> <span class='ocrx_word' id='word_1_88' title='bbox 251 1583 296 1624; x_wconf 86' lang='lat' dir='ltr'><strong>ma</strong></span> <span class='ocrx_word' id='word_1_89' title='bbox 314 1569 420 1624; x_wconf 74' lang='lat' dir='ltr'><strong>laedant</strong></span> <span class='ocrx_word' id='word_1_90' title='bbox 437 1569 535 1626; x_wconf 85' lang='lat' dir='ltr'><strong>hostes</strong></span> <span class='ocrx_word' id='word_1_91' title='bbox 553 1563 615 1622; x_wconf 82' lang='lat' dir='ltr'><strong>ieri</strong></span> <span class='ocrx_word' id='word_1_92' title='bbox 876 1564 945 1620; x_wconf 84' lang='lat' dir='ltr'><strong>eduo</strong></span> <span class='ocrx_word' id='word_1_93' title='bbox 963 1566 998 1621; x_wconf 88' lang='lat' dir='ltr'><strong>de</strong></span> <span class='ocrx_word' id='word_1_94' title='bbox 1015 1563 1120 1622; x_wconf 78' lang='lat' dir='ltr'><strong>inferni</strong></span> <span class='ocrx_word' id='word_1_95' title='bbox 1139 1567 1237 1638; x_wconf 78' lang='lat' dir='ltr'><strong>portia</strong></span> <span class='ocrx_word' id='word_1_96' title='bbox 1273 1571 1325 1624; x_wconf 84' lang='lat' dir='ltr'><strong>ete.</strong></span> 
     </span>
    </p>
   </div>
   <div class='ocr_carea' id='block_1_7' title="bbox 273 1884 1426 2040">
    <p class='ocr_par' dir='ltr' id='par_1_8' title="bbox 273 1884 1426 2040">
     <span class='ocr_line' id='line_1_14' title="bbox 273 1884 1426 2040; baseline 0.001 -30"><span class='ocrx_word' id='word_1_97' title='bbox 273 1937 359 2012; x_wconf 84' lang='lat'><strong>263.</strong></span> <span class='ocrx_word' id='word_1_98' title='bbox 394 1895 453 2010; x_wconf 71' lang='lat' dir='ltr'><strong>lie</strong></span> <span class='ocrx_word' id='word_1_99' title='bbox 480 1939 645 2038; x_wconf 41' lang='lat' dir='ltr'><strong>gratuita·</strong></span> <span class='ocrx_word' id='word_1_100' title='bbox 659 1935 863 2038; x_wconf 78' lang='lat' dir='ltr'><strong>dignatione</strong></span> <span class='ocrx_word' id='word_1_101' title='bbox 885 1935 942 2010; x_wconf 86' lang='lat' dir='ltr'><strong>dei</strong></span> <span class='ocrx_word' id='word_1_102' title='bbox 969 1935 1014 2009; x_wconf 87' lang='lat' dir='ltr'><strong>ad</strong></span> <span class='ocrx_word' id='word_1_103' title='bbox 1040 1884 1230 2010; x_wconf 78' lang='lat' dir='ltr'><strong>homiuem.</strong></span> <span class='ocrx_word' id='word_1_104' title='bbox 1265 1936 1426 2040; x_wconf 73' lang='lat' dir='ltr'><strong>hymnus.</strong></span> 
     </span>
    </p>
   </div>
   <div class='ocr_carea' id='block_1_8' title="bbox 156 2159 1511 3480">
    <p class='ocr_par' dir='ltr' id='par_1_9' title="bbox 196 2159 1511 2354">
     <span class='ocr_line' id='line_1_15' title="bbox 196 2159 1361 2250; baseline 0.002 -21"><span class='ocrx_word' id='word_1_105' title='bbox 196 2159 325 2244; x_wconf 79' lang='lat' dir='ltr'><strong>Quanta</strong></span> <span class='ocrx_word' id='word_1_106' title='bbox 346 2163 423 2228; x_wconf 89' lang='lat' dir='ltr'><strong>mihi</strong></span> <span class='ocrx_word' id='word_1_107' title='bbox 446 2184 525 2230; x_wconf 87' lang='lat' dir='ltr'><strong>oura</strong></span> <span class='ocrx_word' id='word_1_108' title='bbox 547 2165 589 2229; x_wconf 86' lang='lat' dir='ltr'><strong>de</strong></span> <span class='ocrx_word' id='word_1_109' title='bbox 610 2173 658 2247; x_wconf 82' lang='lat' dir='ltr'><strong>te,</strong></span> <span class='ocrx_word' id='word_1_110' title='bbox 876 2182 1080 2246; x_wconf 78' lang='lat' dir='ltr'><strong>nequaquam</strong></span> <span class='ocrx_word' id='word_1_111' title='bbox 1101 2170 1210 2229; x_wconf 86' lang='lat' dir='ltr'><strong>tamen</strong></span> <span class='ocrx_word' id='word_1_112' title='bbox 1232 2166 1361 2250; x_wconf 89' lang='lat' dir='ltr'><strong>privavi</strong></span> 
     </span>
     <span class='ocr_line' id='line_1_16' title="bbox 240 2266 1511 2354; baseline 0 -21"><span class='ocrx_word' id='word_1_113' title='bbox 240 2268 354 2349; x_wconf 88' lang='lat' dir='ltr'><strong>homo,</strong></span> <span class='ocrx_word' id='word_1_114' title='bbox 381 2266 410 2330; x_wconf 86' lang='lat' dir='ltr'><strong>si</strong></span> <span class='ocrx_word' id='word_1_115' title='bbox 432 2281 665 2348; x_wconf 80' lang='lat' dir='ltr'><strong>eognosoeres,</strong></span> <span class='ocrx_word' id='word_1_116' title='bbox 920 2286 980 2354; x_wconf 85' lang='lat' dir='ltr'><strong>spo</strong></span> <span class='ocrx_word' id='word_1_117' title='bbox 1002 2267 1251 2354; x_wconf 83' lang='lat' dir='ltr'><strong>miserioordiee,</strong></span> <span class='ocrx_word' id='word_1_118' title='bbox 1461 2269 1511 2333; x_wconf 67' lang='lat'><strong>25</strong></span> 
     </span>
    </p>

    <p class='ocr_par' dir='ltr' id='par_1_10' title="bbox 195 2369 1296 2563">
     <span class='ocr_line' id='line_1_17' title="bbox 195 2369 1287 2456; baseline -0.002 -18"><span class='ocrx_word' id='word_1_119' title='bbox 195 2383 264 2444; x_wconf 81' lang='lat' dir='ltr'><strong>tam</strong></span> <span class='ocrx_word' id='word_1_120' title='bbox 281 2374 379 2439; x_wconf 87' lang='lat' dir='ltr'><strong>miser</strong></span> <span class='ocrx_word' id='word_1_121' title='bbox 401 2378 435 2436; x_wconf 84' lang='lat' dir='ltr'><strong>et</strong></span> <span class='ocrx_word' id='word_1_122' title='bbox 455 2370 551 2456; x_wconf 82' lang='lat' dir='ltr'><strong>inops</strong></span> <span class='ocrx_word' id='word_1_123' title='bbox 571 2369 606 2434; x_wconf 90' lang='lat' dir='ltr'><strong>in</strong></span> <span class='ocrx_word' id='word_1_124' title='bbox 627 2376 660 2435; x_wconf 90' lang='lat' dir='ltr'><strong>ta</strong></span> <span class='ocrx_word' id='word_1_125' title='bbox 876 2389 952 2435; x_wconf 86' lang='lat' dir='ltr'><strong>nam</strong></span> <span class='ocrx_word' id='word_1_126' title='bbox 974 2388 1033 2435; x_wconf 87' lang='lat' dir='ltr'><strong>sno</strong></span> <span class='ocrx_word' id='word_1_127' title='bbox 1054 2370 1287 2454; x_wconf 80' lang='lat' dir='ltr'><strong>praedestinavi</strong></span> 
     </span>
     <span class='ocr_line' id='line_1_18' title="bbox 240 2475 1296 2563; baseline -0.004 -17"><span class='ocrx_word' id='word_1_128' title='bbox 240 2498 444 2563; x_wconf 82' lang='lat' dir='ltr'><strong>naquaquam</strong></span> <span class='ocrx_word' id='word_1_129' title='bbox 466 2479 641 2560; x_wconf 77' lang='lat' dir='ltr'><strong>existeres,</strong></span> <span class='ocrx_word' id='word_1_130' title='bbox 922 2475 1053 2540; x_wconf 80' lang='lat' dir='ltr'><strong>salvare</strong></span> <span class='ocrx_word' id='word_1_131' title='bbox 1075 2483 1108 2543; x_wconf 84' lang='lat' dir='ltr'><strong>te</strong></span> <span class='ocrx_word' id='word_1_132' title='bbox 1131 2484 1296 2561; x_wconf 86' lang='lat' dir='ltr'><strong>tempore;</strong></span> 
     </span>
    </p>

    <p class='ocr_par' dir='ltr' id='par_1_11' title="bbox 156 2579 1328 2870">
     <span class='ocr_line' id='line_1_19' title="bbox 156 2579 1321 2665; baseline -0.006 -12"><span class='ocrx_word' id='word_1_133' title='bbox 156 2647 159 2654; x_wconf 91' lang='lat'><em>.</em></span> <span class='ocrx_word' id='word_1_134' title='bbox 198 2581 260 2649; x_wconf 80' lang='lat' dir='ltr'><strong>sed</strong></span> <span class='ocrx_word' id='word_1_135' title='bbox 283 2582 357 2665; x_wconf 91' lang='lat' dir='ltr'><strong>quia</strong></span> <span class='ocrx_word' id='word_1_136' title='bbox 378 2587 522 2646; x_wconf 79' lang='lat' dir='ltr'><strong>remotus</strong></span> <span class='ocrx_word' id='word_1_137' title='bbox 544 2599 565 2644; x_wconf 84' lang='lat' dir='ltr'><strong>a</strong></span> <span class='ocrx_word' id='word_1_138' title='bbox 586 2598 655 2662; x_wconf 89' lang='lat' dir='ltr'><strong>me,</strong></span> <span class='ocrx_word' id='word_1_139' title='bbox 803 2582 823 2644; x_wconf 83' lang='lat'>5</span> <span class='ocrx_word' id='word_1_140' title='bbox 920 2579 997 2644; x_wconf 89' lang='lat' dir='ltr'><strong>hino</strong></span> <span class='ocrx_word' id='word_1_141' title='bbox 1018 2580 1115 2644; x_wconf 90' lang='lat' dir='ltr'><strong>homo</strong></span> <span class='ocrx_word' id='word_1_142' title='bbox 1139 2579 1239 2663; x_wconf 85' lang='lat' dir='ltr'><strong>dilige</strong></span> <span class='ocrx_word' id='word_1_143' title='bbox 1261 2600 1321 2646; x_wconf 89' lang='lat' dir='ltr'><strong>me.</strong></span> 
     </span>
     <span class='ocr_line' id='line_1_20' title="bbox 244 2681 693 2770; baseline -0.011 -19"><span class='ocrx_word' id='word_1_144' title='bbox 244 2684 337 2770; x_wconf 91' lang='lat' dir='ltr'><strong>quid,</strong></span> <span class='ocrx_word' id='word_1_145' title='bbox 360 2684 451 2766; x_wconf 86' lang='lat' dir='ltr'><strong>exul,</strong></span> <span class='ocrx_word' id='word_1_146' title='bbox 473 2683 507 2746; x_wconf 91' lang='lat' dir='ltr'><strong>ni</strong></span> <span class='ocrx_word' id='word_1_147' title='bbox 530 2681 693 2747; x_wconf 72' lang='lat' dir='ltr'><strong>fluctuosi</strong></span> 
     </span>
     <span class='ocr_line' id='line_1_21' title="bbox 245 2768 1328 2870; baseline -0.017 -19"><span class='ocrx_word' id='word_1_148' title='bbox 245 2808 266 2855; x_wconf 92' lang='lat' dir='ltr'><strong>o</strong></span> <span class='ocrx_word' id='word_1_149' title='bbox 289 2789 315 2853; x_wconf 89' lang='lat' dir='ltr'><strong>si</strong></span> <span class='ocrx_word' id='word_1_150' title='bbox 339 2797 373 2854; x_wconf 91' lang='lat' dir='ltr'><strong>tu</strong></span> <span class='ocrx_word' id='word_1_151' title='bbox 395 2788 460 2853; x_wconf 90' lang='lat' dir='ltr'><strong>hoo</strong></span> <span class='ocrx_word' id='word_1_152' title='bbox 479 2787 640 2870; x_wconf 69' lang='lat' dir='ltr'><strong>,superesi</strong></span> <span class='ocrx_word' id='word_1_153' title='bbox 878 2768 1002 2836; x_wconf 78' lang='lat' dir='ltr'><strong>Satara</strong></span> <span class='ocrx_word' id='word_1_154' title='bbox 1024 2789 1154 2854; x_wconf 85' lang='lat' dir='ltr'><strong>semper</strong></span> <span class='ocrx_word' id='word_1_155' title='bbox 1176 2769 1328 2834; x_wconf 86' lang='lat' dir='ltr'><strong>damnato</strong></span> 
     </span>
    </p>

    <p class='ocr_par' dir='ltr' id='par_1_12' title="bbox 920 2873 1279 2960">
     <span class='ocr_line' id='line_1_22' title="bbox 920 2873 1279 2960; baseline -0.011 -20"><span class='ocrx_word' id='word_1_156' title='bbox 920 2876 1011 2941; x_wconf 86' lang='lat' dir='ltr'><strong>nasei</strong></span> <span class='ocrx_word' id='word_1_157' title='bbox 1032 2893 1093 2960; x_wconf 81' lang='lat' dir='ltr'><strong>pro</strong></span> <span class='ocrx_word' id='word_1_158' title='bbox 1117 2881 1150 2938; x_wconf 88' lang='lat' dir='ltr'><strong>te</strong></span> <span class='ocrx_word' id='word_1_159' title='bbox 1173 2873 1279 2956; x_wconf 89' lang='lat' dir='ltr'><strong>volui,</strong></span> 
     </span>
    </p>

    <p class='ocr_par' dir='ltr' id='par_1_13' title="bbox 198 2976 1309 3168">
     <span class='ocr_line' id='line_1_23' title="bbox 198 2976 1287 3063; baseline -0.004 -16"><span class='ocrx_word' id='word_1_160' title='bbox 198 2979 238 3048; x_wconf 89' lang='lat' dir='ltr'><strong>ln</strong></span> <span class='ocrx_word' id='word_1_161' title='bbox 260 2982 381 3062; x_wconf 87' lang='lat' dir='ltr'><strong>abysso</strong></span> <span class='ocrx_word' id='word_1_162' title='bbox 405 2976 533 3045; x_wconf 82' lang='lat' dir='ltr'><strong>deitatis</strong></span> <span class='ocrx_word' id='word_1_163' title='bbox 877 2980 963 3044; x_wconf 88' lang='lat' dir='ltr'><strong>malo</strong></span> <span class='ocrx_word' id='word_1_164' title='bbox 984 2979 1073 3044; x_wconf 87' lang='lat' dir='ltr'><strong>nullo</strong></span> <span class='ocrx_word' id='word_1_165' title='bbox 1095 2985 1287 3063; x_wconf 86' lang='lat' dir='ltr'><strong>perpetrato</strong></span> 
     </span>
     <span class='ocr_line' id='line_1_24' title="bbox 240 3078 1309 3168; baseline -0.002 -20"><span class='ocrx_word' id='word_1_166' title='bbox 240 3082 320 3148; x_wconf 85' lang='lat' dir='ltr'><strong>finxi</strong></span> <span class='ocrx_word' id='word_1_167' title='bbox 342 3088 375 3144; x_wconf 88' lang='lat' dir='ltr'><strong>te</strong></span> <span class='ocrx_word' id='word_1_168' title='bbox 398 3079 439 3143; x_wconf 89' lang='lat' dir='ltr'><strong>de</strong></span> <span class='ocrx_word' id='word_1_169' title='bbox 462 3078 563 3143; x_wconf 85' lang='lat' dir='ltr'><strong>nihilo</strong></span> <span class='ocrx_word' id='word_1_170' title='bbox 920 3104 1050 3168; x_wconf 87' lang='lat' dir='ltr'><strong>poeuam</strong></span> <span class='ocrx_word' id='word_1_171' title='bbox 1071 3100 1133 3166; x_wconf 88' lang='lat' dir='ltr'><strong>pro</strong></span> <span class='ocrx_word' id='word_1_172' title='bbox 1155 3090 1189 3148; x_wconf 88' lang='lat' dir='ltr'><strong>te</strong></span> <span class='ocrx_word' id='word_1_173' title='bbox 1212 3083 1309 3164; x_wconf 86' lang='lat' dir='ltr'><strong>subii,</strong></span> 
     </span>
    </p>

    <p class='ocr_par' dir='ltr' id='par_1_14' title="bbox 197 3183 1300 3376">
     <span class='ocr_line' id='line_1_25' title="bbox 197 3183 1293 3271; baseline -0.001 -20"><span class='ocrx_word' id='word_1_174' title='bbox 197 3205 331 3253; x_wconf 84' lang='lat' dir='ltr'><strong>summae</strong></span> <span class='ocrx_word' id='word_1_175' title='bbox 354 3201 481 3268; x_wconf 86' lang='lat' dir='ltr'><strong>quoque</strong></span> <span class='ocrx_word' id='word_1_176' title='bbox 505 3183 656 3248; x_wconf 84' lang='lat' dir='ltr'><strong>trinitatis</strong></span> <span class='ocrx_word' id='word_1_177' title='bbox 784 3185 824 3248; x_wconf 85' lang='lat'><strong>10</strong></span> <span class='ocrx_word' id='word_1_178' title='bbox 877 3207 929 3253; x_wconf 89' lang='lat' dir='ltr'><strong>mo</strong></span> <span class='ocrx_word' id='word_1_179' title='bbox 953 3187 1159 3271; x_wconf 86' lang='lat' dir='ltr'><strong>oiroumoiso,</strong></span> <span class='ocrx_word' id='word_1_180' title='bbox 1182 3186 1293 3253; x_wconf 86' lang='lat' dir='ltr'><strong>oblato</strong></span> 
     </span>
     <span class='ocr_line' id='line_1_26' title="bbox 242 3285 1300 3376; baseline 0.002 -24"><span class='ocrx_word' id='word_1_181' title='bbox 242 3287 371 3370; x_wconf 84' lang='lat' dir='ltr'><strong>signavi</strong></span> <span class='ocrx_word' id='word_1_182' title='bbox 393 3285 560 3368; x_wconf 79' lang='lat' dir='ltr'><strong>signaculo</strong></span> <span class='ocrx_word' id='word_1_183' title='bbox 921 3293 1030 3374; x_wconf 84' lang='lat' dir='ltr'><strong>legem</strong></span> <span class='ocrx_word' id='word_1_184' title='bbox 1051 3310 1116 3356; x_wconf 89' lang='lat' dir='ltr'><strong>non</strong></span> <span class='ocrx_word' id='word_1_185' title='bbox 1137 3290 1300 3376; x_wconf 80' lang='lat' dir='ltr'><strong>praeterii3</strong></span> 
     </span>
    </p>

    <p class='ocr_par' dir='ltr' id='par_1_15' title="bbox 195 3392 1344 3480">
     <span class='ocr_line' id='line_1_27' title="bbox 195 3392 1344 3480; baseline -0.003 -20"><span class='ocrx_word' id='word_1_186' title='bbox 195 3401 297 3478; x_wconf 86' lang='lat' dir='ltr'><strong>tuque</strong></span> <span class='ocrx_word' id='word_1_187' title='bbox 318 3393 402 3456; x_wconf 88' lang='lat' dir='ltr'><strong>liber</strong></span> <span class='ocrx_word' id='word_1_188' title='bbox 423 3411 495 3477; x_wconf 86' lang='lat' dir='ltr'><strong>prae</strong></span> <span class='ocrx_word' id='word_1_189' title='bbox 517 3392 637 3456; x_wconf 80' lang='lat' dir='ltr'><strong>creatis</strong></span> <span class='ocrx_word' id='word_1_190' title='bbox 921 3397 987 3462; x_wconf 88' lang='lat' dir='ltr'><strong>sois</strong></span> <span class='ocrx_word' id='word_1_191' title='bbox 1009 3395 1122 3480; x_wconf 89' lang='lat' dir='ltr'><strong>homo,</strong></span> <span class='ocrx_word' id='word_1_192' title='bbox 1145 3415 1203 3462; x_wconf 84' lang='lat' dir='ltr'><strong>our</strong></span> <span class='ocrx_word' id='word_1_193' title='bbox 1224 3394 1258 3460; x_wconf 91' lang='lat' dir='ltr'><strong>id</strong></span> <span class='ocrx_word' id='word_1_194' title='bbox 1281 3392 1344 3475; x_wconf 83' lang='lat' dir='ltr'><strong>egi.</strong></span> 
     </span>
    </p>
   </div>
   <div class='ocr_carea' id='block_1_9' title="bbox 193 3496 1375 4387">
    <p class='ocr_par' dir='ltr' id='par_1_16' title="bbox 193 3496 1375 4387">
     <span class='ocr_line' id='line_1_28' title="bbox 240 3496 604 3580; baseline -0.003 -19"><span class='ocrx_word' id='word_1_195' title='bbox 240 3501 447 3580; x_wconf 84' lang='lat' dir='ltr'><strong>eomparatus</strong></span> <span class='ocrx_word' id='word_1_196' title='bbox 470 3496 604 3578; x_wconf 85' lang='lat' dir='ltr'><strong>angelo,</strong></span> 
     </span>
     <span class='ocr_line' id='line_1_29' title="bbox 240 3583 1342 3667; baseline -0.005 -16"><span class='ocrx_word' id='word_1_197' title='bbox 240 3607 307 3666; x_wconf 65' lang='lat' dir='ltr'><strong>tam</strong></span> <span class='ocrx_word' id='word_1_198' title='bbox 329 3601 446 3666; x_wconf 67' lang='lat' dir='ltr'><strong>nobilis</strong></span> <span class='ocrx_word' id='word_1_199' title='bbox 469 3617 506 3664; x_wconf 72' lang='lat' dir='ltr'><strong>es</strong></span> <span class='ocrx_word' id='word_1_200' title='bbox 528 3599 635 3664; x_wconf 80' lang='lat' dir='ltr'><strong>homo,</strong></span> <span class='ocrx_word' id='word_1_201' title='bbox 879 3586 963 3667; x_wconf 80' lang='lat' dir='ltr'><strong>Quid</strong></span> <span class='ocrx_word' id='word_1_202' title='bbox 984 3585 1167 3654; x_wconf 80' lang='lat' dir='ltr'><strong>faciendum</strong></span> <span class='ocrx_word' id='word_1_203' title='bbox 1189 3601 1255 3651; x_wconf 89' lang='lat' dir='ltr'><strong>non</strong></span> <span class='ocrx_word' id='word_1_204' title='bbox 1276 3583 1342 3649; x_wconf 77' lang='lat' dir='ltr'><strong>faoi</strong></span> 
     </span>
     <span class='ocr_line' id='line_1_30' title="bbox 921 3687 1341 3756; baseline -0.002 -3"><span class='ocrx_word' id='word_1_205' title='bbox 921 3690 1017 3756; x_wconf 89' lang='lat' dir='ltr'><strong>homo</strong></span> <span class='ocrx_word' id='word_1_206' title='bbox 1041 3708 1112 3755; x_wconf 89' lang='lat' dir='ltr'><strong>oum</strong></span> <span class='ocrx_word' id='word_1_207' title='bbox 1133 3687 1341 3754; x_wconf 74' lang='lat' dir='ltr'><strong>hominibusi</strong></span> 
     </span>
     <span class='ocr_line' id='line_1_31' title="bbox 193 3789 1249 3875; baseline -0.002 -18"><span class='ocrx_word' id='word_1_208' title='bbox 193 3789 235 3857; x_wconf 90' lang='lat' dir='ltr'><strong>Iu</strong></span> <span class='ocrx_word' id='word_1_209' title='bbox 256 3791 330 3856; x_wconf 88' lang='lat' dir='ltr'><strong>looo</strong></span> <span class='ocrx_word' id='word_1_210' title='bbox 354 3797 386 3855; x_wconf 86' lang='lat' dir='ltr'><strong>te</strong></span> <span class='ocrx_word' id='word_1_211' title='bbox 408 3789 586 3873; x_wconf 85' lang='lat' dir='ltr'><strong>voluptatis</strong></span> <span class='ocrx_word' id='word_1_212' title='bbox 783 3793 823 3854; x_wconf 85' lang='lat'><strong>15</strong></span> <span class='ocrx_word' id='word_1_213' title='bbox 878 3801 911 3858; x_wconf 88' lang='lat' dir='ltr'><strong>to</strong></span> <span class='ocrx_word' id='word_1_214' title='bbox 935 3793 1045 3875; x_wconf 87' lang='lat' dir='ltr'><strong>donni,</strong></span> <span class='ocrx_word' id='word_1_215' title='bbox 1068 3799 1101 3856; x_wconf 87' lang='lat' dir='ltr'><strong>ta</strong></span> <span class='ocrx_word' id='word_1_216' title='bbox 1123 3790 1249 3874; x_wconf 85' lang='lat' dir='ltr'><strong>perfeoi</strong></span> 
     </span>
     <span class='ocr_line' id='line_1_32' title="bbox 242 3892 1279 3978; baseline 0.004 -22"><span class='ocrx_word' id='word_1_217' title='bbox 242 3892 550 3976; x_wconf 42' lang='lat' dir='ltr'><strong>gloriosumrposui,</strong></span> <span class='ocrx_word' id='word_1_218' title='bbox 920 3897 1031 3961; x_wconf 89' lang='lat' dir='ltr'><strong>verbis</strong></span> <span class='ocrx_word' id='word_1_219' title='bbox 1054 3903 1087 3958; x_wconf 90' lang='lat' dir='ltr'><strong>et</strong></span> <span class='ocrx_word' id='word_1_220' title='bbox 1110 3895 1279 3978; x_wconf 81' lang='lat' dir='ltr'><strong>operibus,</strong></span> 
     </span>
     <span class='ocr_line' id='line_1_33' title="bbox 194 3993 1236 4086; baseline 0 -25"><span class='ocrx_word' id='word_1_221' title='bbox 194 4015 258 4082; x_wconf 82' lang='lat' dir='ltr'><strong>per</strong></span> <span class='ocrx_word' id='word_1_222' title='bbox 280 3995 457 4060; x_wconf 83' lang='lat' dir='ltr'><strong>ministrum</strong></span> <span class='ocrx_word' id='word_1_223' title='bbox 479 3993 628 4060; x_wconf 80' lang='lat' dir='ltr'><strong>falsitatis</strong></span> <span class='ocrx_word' id='word_1_224' title='bbox 879 4002 1026 4086; x_wconf 71' lang='lat' dir='ltr'><strong>corporis</strong></span> <span class='ocrx_word' id='word_1_225' title='bbox 1048 4001 1112 4065; x_wconf 83' lang='lat' dir='ltr'><strong>mei</strong></span> <span class='ocrx_word' id='word_1_226' title='bbox 1133 4001 1236 4066; x_wconf 80' lang='lat' dir='ltr'><strong>refeci</strong></span> 
     </span>
     <span class='ocr_line' id='line_1_34' title="bbox 242 4096 1375 4187; baseline 0.004 -25"><span class='ocrx_word' id='word_1_227' title='bbox 242 4097 381 4182; x_wconf 83' lang='lat' dir='ltr'><strong>decepto</strong></span> <span class='ocrx_word' id='word_1_228' title='bbox 404 4096 556 4162; x_wconf 89' lang='lat' dir='ltr'><strong>oondolui</strong></span> <span class='ocrx_word' id='word_1_229' title='bbox 921 4103 1065 4187; x_wconf 89' lang='lat' dir='ltr'><strong>mystiois</strong></span> <span class='ocrx_word' id='word_1_230' title='bbox 1088 4108 1121 4166; x_wconf 90' lang='lat' dir='ltr'><strong>te</strong></span> <span class='ocrx_word' id='word_1_231' title='bbox 1145 4100 1297 4185; x_wconf 86' lang='lat' dir='ltr'><strong>dapibus,</strong></span> <span class='ocrx_word' id='word_1_232' title='bbox 1372 4105 1375 4108; x_wconf 81' lang='grc'>’</span> 
     </span>
     <span class='ocr_line' id='line_1_35' title="bbox 193 4200 1373 4292; baseline 0.002 -24"><span class='ocrx_word' id='word_1_233' title='bbox 193 4210 354 4286; x_wconf 85' lang='lat' dir='ltr'><strong>vesteque</strong></span> <span class='ocrx_word' id='word_1_234' title='bbox 376 4200 589 4284; x_wconf 82' lang='lat' dir='ltr'><strong>simplieitatia</strong></span> <span class='ocrx_word' id='word_1_235' title='bbox 923 4208 1000 4292; x_wconf 91' lang='lat' dir='ltr'><strong>quid</strong></span> <span class='ocrx_word' id='word_1_236' title='bbox 1017 4207 1117 4274; x_wconf 88' lang='lat' dir='ltr'><strong>homo</strong></span> <span class='ocrx_word' id='word_1_237' title='bbox 1136 4208 1187 4270; x_wconf 84' lang='lat' dir='ltr'><strong>vis</strong></span> <span class='ocrx_word' id='word_1_238' title='bbox 1210 4205 1373 4291; x_wconf 68' lang='lat' dir='ltr'><strong>amplius?</strong></span> 
     </span>
     <span class='ocr_line' id='line_1_36' title="bbox 237 4307 823 4387; baseline -0.002 -16"><span class='ocrx_word' id='word_1_239' title='bbox 237 4307 392 4372; x_wconf 87' lang='lat' dir='ltr'><strong>nudatum</strong></span> <span class='ocrx_word' id='word_1_240' title='bbox 414 4313 448 4370; x_wconf 90' lang='lat' dir='ltr'><strong>te</strong></span> <span class='ocrx_word' id='word_1_241' title='bbox 470 4307 584 4387; x_wconf 86' lang='lat' dir='ltr'><strong>vestii,</strong></span> <span class='ocrx_word' id='word_1_242' title='bbox 781 4307 823 4370; x_wconf 89' lang='lat'><strong>20</strong></span> 
     </span>
    </p>
   </div>
   <div class='ocr_carea' id='block_1_10' title="bbox 239 4396 1354 4584">
    <p class='ocr_par' dir='ltr' id='par_1_17' title="bbox 239 4396 1354 4584">
     <span class='ocr_line' id='line_1_37' title="bbox 239 4396 1354 4496; baseline -0.01 -23"><span class='ocrx_word' id='word_1_243' title='bbox 239 4413 287 4478; x_wconf 85' lang='lat' dir='ltr'><strong>sio</strong></span> <span class='ocrx_word' id='word_1_244' title='bbox 308 4412 405 4477; x_wconf 88' lang='lat' dir='ltr'><strong>homo</strong></span> <span class='ocrx_word' id='word_1_245' title='bbox 427 4430 489 4496; x_wconf 86' lang='lat' dir='ltr'><strong>pro</strong></span> <span class='ocrx_word' id='word_1_246' title='bbox 512 4419 546 4475; x_wconf 80' lang='lat' dir='ltr'><strong>te</strong></span> <span class='ocrx_word' id='word_1_247' title='bbox 568 4410 623 4476; x_wconf 73' lang='lat' dir='ltr'><strong>fui</strong></span> <span class='ocrx_word' id='word_1_248' title='bbox 876 4396 1014 4482; x_wconf 87' lang='lat' dir='ltr'><strong>Spretus</strong></span> <span class='ocrx_word' id='word_1_249' title='bbox 1038 4418 1127 4464; x_wconf 87' lang='lat' dir='ltr'><strong>eram</strong></span> <span class='ocrx_word' id='word_1_250' title='bbox 1150 4408 1183 4463; x_wconf 91' lang='lat' dir='ltr'><strong>et</strong></span> <span class='ocrx_word' id='word_1_251' title='bbox 1206 4398 1354 4483; x_wconf 85' lang='lat' dir='ltr'><strong>abjeotus</strong></span> 
     </span>
     <span class='ocr_line' id='line_1_38' title="bbox 470 4497 1302 4584; baseline 0 -20"><span class='ocrx_word' id='word_1_252' title='bbox 470 4497 474 4504; x_wconf 83' lang='grc'>’</span> <span class='ocrx_word' id='word_1_253' title='bbox 919 4501 1020 4565; x_wconf 87' lang='lat' dir='ltr'><strong>veluti</strong></span> <span class='ocrx_word' id='word_1_254' title='bbox 1041 4519 1101 4566; x_wconf 86' lang='lat' dir='ltr'><strong>vas</strong></span> <span class='ocrx_word' id='word_1_255' title='bbox 1123 4499 1302 4584; x_wconf 89' lang='lat' dir='ltr'><strong>perditum,</strong></span> 
     </span>
    </p>
   </div>
   <div class='ocr_carea' id='block_1_11' title="bbox 193 4599 1329 4794">
    <p class='ocr_par' dir='ltr' id='par_1_18' title="bbox 193 4599 1329 4794">
     <span class='ocr_line' id='line_1_39' title="bbox 193 4599 1329 4689; baseline 0.005 -25"><span class='ocrx_word' id='word_1_256' title='bbox 193 4599 241 4664; x_wconf 79' lang='lat' dir='ltr'><strong>Te</strong></span> <span class='ocrx_word' id='word_1_257' title='bbox 259 4602 349 4685; x_wconf 84' lang='lat' dir='ltr'><strong>justo</strong></span> <span class='ocrx_word' id='word_1_258' title='bbox 373 4604 520 4686; x_wconf 85' lang='lat' dir='ltr'><strong>quamvis</strong></span> <span class='ocrx_word' id='word_1_259' title='bbox 542 4602 657 4687; x_wconf 81' lang='lat' dir='ltr'><strong>fugavi</strong></span> <span class='ocrx_word' id='word_1_260' title='bbox 875 4605 978 4689; x_wconf 87' lang='lat' dir='ltr'><strong>sputis</strong></span> <span class='ocrx_word' id='word_1_261' title='bbox 1001 4623 1040 4670; x_wconf 88' lang='lat' dir='ltr'><strong>ao</strong></span> <span class='ocrx_word' id='word_1_262' title='bbox 1061 4606 1169 4689; x_wconf 84' lang='lat' dir='ltr'><strong>plagis</strong></span> <span class='ocrx_word' id='word_1_263' title='bbox 1192 4605 1329 4670; x_wconf 88' lang='lat' dir='ltr'><strong>affeotus</strong></span> 
     </span>
     <span class='ocr_line' id='line_1_40' title="bbox 234 4702 1311 4794; baseline 0.01 -28"><span class='ocrx_word' id='word_1_264' title='bbox 234 4702 278 4767; x_wconf 86' lang='lat' dir='ltr'><strong>de</strong></span> <span class='ocrx_word' id='word_1_265' title='bbox 299 4705 373 4771; x_wconf 91' lang='lat' dir='ltr'><strong>looo</strong></span> <span class='ocrx_word' id='word_1_266' title='bbox 394 4707 534 4792; x_wconf 82' lang='lat' dir='ltr'><strong>loetitiae,</strong></span> <span class='ocrx_word' id='word_1_267' title='bbox 832 4775 834 4783; x_wconf 66' lang='grc'>,</span> <span class='ocrx_word' id='word_1_268' title='bbox 918 4709 1004 4776; x_wconf 87' lang='lat' dir='ltr'><strong>mala</strong></span> <span class='ocrx_word' id='word_1_269' title='bbox 1021 4709 1131 4788; x_wconf 79' lang='lat' dir='ltr'><strong>ferens</strong></span> <span class='ocrx_word' id='word_1_270' title='bbox 1155 4710 1311 4794; x_wconf 89' lang='lat' dir='ltr'><strong>omnium,</strong></span> 
     </span>
    </p>
   </div>
   <div class='ocr_carea' id='block_1_12' title="bbox 0 0 1666 5358">
    <p class='ocr_par' dir='ltr' id='par_1_19' title="bbox 0 0 1666 5358">
     <span class='ocr_line' id='line_1_41' title="bbox 0 0 1666 5358; baseline 0 0"><span class='ocrx_word' id='word_1_271' title='bbox 0 0 1666 5358; x_wconf 95' lang='lat' dir='ltr'><strong> </strong></span> 
     </span>
    </p>
   </div>
  </div>
 </body>
</html>
