3280 5358
585 437 647 511 22.
683 435 794 508 flore
820 432 865 508 ele
890 461 918 508 s.
944 438 1108 511 trinitate.

721 608 766 673 cd
785 610 964 674 mutium.

409 725 596 810 Quicunque
617 725 689 791 vult
710 725 848 790 animam
869 725 1005 792 tirmiter
1025 728 1172 812 salvare,

410 839 478 898 tres
499 848 657 916 personas
680 829 831 912 credere,
853 849 951 914 pares
973 829 1136 898 honorare
1186 839 1189 846 “

411 941 540 1000 tenetur
562 941 595 999 et
612 933 739 1018 jugiter
759 933 912 1018 precibus
935 951 1047 1017 orare,

411 1059 507 1104 unum
529 1035 625 1102 deum
646 1035 772 1119 (licere,
794 1037 897 1102 solum
920 1037 1068 1104 adorare.

744 1177 788 1243 ud
806 1179 951 1260 pnicum

414 1313 602 1394 Trinitatem
624 1311 784 1378 credimus
805 1330 960 1378 summum
981 1313 1162 1397 genitorem
1168 1361 1178 1398 ,

412 1423 559 1482 sanetum
580 1415 652 1501 ejus
674 1413 774 1480 filium
795 1423 940 1482 nostrum
963 1416 1217 1504 redemptorem,

354 1593 356 1602 y
413 1520 560 1605 spiritum
581 1521 773 1606 paraclitum
795 1520 912 1604 gratiae
934 1521 1095 1606 (latorem,

412 1645 509 1721 unum
530 1632 638 1690 tamen
660 1625 794 1692 dicimus
816 1624 912 1690 deum
934 1631 1124 1692 creatorem

744 1783 789 1848 cd
809 1785 940 1848 tertium.

411 1917 446 1988 A
468 1939 504 1985 se
526 1927 652 2006 patrem
674 1920 844 2004 credimus,
867 1941 939 1987 cnm
961 1921 1046 1988 hunc
1068 1919 1240 2007 generavit

412 2025 526 2109 filium,
550 2025 591 2089 de
613 2026 731 2090 lumine
753 2025 860 2090 lumen
881 2027 1069 2109 resultavit,

411 2129 644 2214 procedentem
666 2129 812 2212 spiritum
833 2137 969 2212 uterque
992 2129 1144 2214 spiravit,

412 2233 519 2298 nullus
541 2232 657 2298 horum
680 2231 793 2315 genuit
814 2232 919 2316 ipsum
941 2233 997 2298 vel
1018 2233 1150 2298 creavit.

621 2369 626 2378 ’
747 2392 939 2458 adseclam.

413 2528 490 2594 Vox
512 2527 555 2592 ad
576 2536 702 2612 patrem
724 2528 865 2612 pertinet
886 2546 985 2613 super
1006 2485 1219 2613 baptizatum,

412 2653 486 2728 quae
509 2634 636 2698 sonavit
657 2632 757 2698 filium
779 2632 917 2698 humane
938 2633 1106 2718 iocatum,

364 2817 367 2824 Ι
412 2745 537 2802 naturae
560 2734 712 2820 suscepta
733 2737 891 2802 columbae
913 2737 1057 2802 volatum

414 2839 573 2905 credimus
596 2847 629 2905 et
651 2840 792 2924 speciem
813 2840 972 2924 paraclito
996 2839 1113 2905 datum.

752 2997 796 3062 ud
815 3013 939 3062 cenam.

412 3129 450 3202 In
471 3135 566 3218 p'atre
588 3136 734 3219 potentia
758 3142 874 3201 cuncta
896 3135 1085 3219 denotatur,

414 3237 482 3304 filio
503 3238 676 3324 prudentia
697 3241 801 3305 omnis
824 3225 1026 3322 declaratui,

414 3344 521 3428 gratia
542 3344 700 3428 paraclito
723 3345 875 3410 universa
897 3337 1012 3427 datur,

416 3449 470 3532 qui
492 3467 564 3514 cum
585 3455 679 3532 patre
700 3455 841 3530 natoque
860 3447 1135 3532 conglorificatur.
1187 3440 1189 3450 ’

745 3608 788 3672 cd
808 3623 961 3690 vesperae.

413 3744 590 3812 Veluniate
611 3745 715 3829 patris
738 3743 822 3810 lilius
844 3745 1031 3810 incarnatus

415 3858 449 3916 et
472 3850 512 3914 de
535 3856 647 3914 sancto
670 3849 785 3933 spiritu
807 3869 850 3912 ex
871 3849 999 3931 virgine
1021 3853 1133 3930 natus,

415 3953 605 4035 crucifixus,
628 3959 771 4018 mortuus
795 3959 891 4034 atque
913 3950 1103 4034 tumulatus,

416 4075 595 4140 resurgens
618 4055 800 4141 discipulis,
824 4055 914 4121 coelis
937 4055 1134 4122 sublimatus.

700 4215 744 4280 ad
765 4213 1003 4296 completorium.

415 4351 460 4418 Et
480 4372 541 4436 per
563 4351 667 4445 ipsum
689 4355 807 4420 erimus
830 4373 941 4422 omnes
959 4353 1115 4438 judicati,

419 4457 507 4522 beati
529 4456 573 4520 ad
594 4458 732 4540 gloriam
754 4447 909 4524 aeternam
930 4459 1053 4540 vocati,

398 4584 399 4590 ¹
418 4558 461 4626 ad
482 4579 597 4644 peenas
618 4571 795 4647 perpetuas
817 4565 894 4629 mali
916 4559 1136 4642 condemnati,

417 4662 492 4734 hec
514 4666 622 4737 omnia
643 4667 780 4738 credere
802 4674 952 4740 tenentur
974 4667 1075 4740 beati.
