3316 5358
371 576 376 586 ‘
395 567 542 634 extendit
564 580 727 656 ventrem,
749 573 958 643 temulentum
980 577 1156 665 reddidit,

393 677 522 742 miscuit
543 673 645 744 risus.⁴

391 835 524 922 Lugere
548 840 645 906 modo
668 861 720 908 mc
742 845 910 932 permitte,
933 848 1077 934 domine,

391 943 493 1026 mala,
517 962 591 1026 quae
613 947 718 1030 gessi,
741 967 818 1014 rens
840 953 882 1015 ab
906 951 1058 1037 infantia,

393 1045 544 1112 lacrimas
566 1048 643 1112 mihi
665 1056 721 1116 tna
743 1050 842 1116 donet
864 1055 977 1142 gratia⁴

393 1148 501 1215 corcis
524 1151 566 1217 ab
588 1151 663 1221 imo.

390 1313 491 1399 Meis,
512 1325 548 1382 ut
569 1326 665 1402 puto,
687 1317 774 1384 vitiis
796 1325 940 1386 tartarea

390 1425 553 1486 tormenta
574 1423 681 1487 multis
703 1442 768 1489 non
790 1425 902 1490 valent
925 1425 1093 1513 sufficere,

389 1521 452 1586 nisi
474 1532 656 1609 succurrat,
680 1523 825 1611 Christe,
847 1535 904 1594 tna
924 1532 1032 1614 pietas

390 1625 508 1690 misero
530 1625 616 1690 mihi

387 1787 518 1858 Nullum
539 1801 710 1876 peccatum
733 1809 832 1876 super
849 1800 949 1858 terras
971 1791 1089 1862 facicm

386 1902 495 1978 potest
517 1904 574 1961 aut
595 1897 702 1962 scelus
724 1897 868 1962 inveniri
885 1895 1076 1982 quodpiam,

387 2017 407 2062 a
429 2016 566 2080 quornm
588 2019 654 2065 non
676 2001 735 2064 sim
757 2001 941 2083 inquinatus
963 1987 1101 2070 laecilius

387 2098 500 2162 mrem
523 2118 597 2182 ego.

387 2257 499 2343 Ortus,
523 2277 675 2344 occasus,
698 2261 823 2346 aquilo,
846 2266 1047 2348 septentrio,
1148 2273 1150 2278 ’

387 2365 504 2432 ooelnm
526 2372 696 2450 terraque,
718 2385 828 2449 mare,
850 2366 974 2449 fontes,
996 2366 1130 2433 flumina

385 2475 420 2534 et
441 2468 560 2554 colles,
582 2469 704 2554 campi,
722 2467 824 2534 mixta
846 2486 975 2553 quoquc
996 2470 1116 2536 rosulis

386 2571 455 2638 lilia
478 2570 566 2637 fleta.

384 2735 536 2821 Plangite
561 2755 686 2803 mecum
709 2743 798 2804 astra
819 2736 999 2821 rutilantia,

382 2859 508 2906 mecum
529 2842 651 2924 mugile
674 2842 788 2906 bestiae
811 2842 988 2924 silvicola,

386 2942 499 3025 dicite,
521 2951 556 3008 tu
579 2962 616 3008 es
637 2944 751 3026 miser,
774 2945 829 3026 qui
851 2947 910 3010 sub
932 2943 1031 3028 impio

384 3046 516 3111 crimine
538 3046 651 3130 gemis.

383 3209 462 3288 cuis
483 3229 536 3274 me
558 3208 600 3273 do
622 3229 718 3274 manu
740 3206 858 3293 Cocyti
879 3207 1086 3276 flammivomi

381 3314 453 3378 crui
474 3319 584 3398 potest
604 3313 667 3378 nisi
688 3313 791 3397 patris
813 3313 899 3378 unici

380 3417 506 3500 proles,
531 3416 585 3499 qui
606 3414 758 3481 mundum
779 3417 924 3500 pretioso
947 3414 1107 3498 sanguine

376 3520 453 3604 jure
475 3518 638 3585 redomiti

378 3679 579 3767 Redemptor
600 3681 842 3765 mundi,.unica
864 3697 941 3763 spes
964 3681 1121 3765 omnium,

354 3785 355 3790 ’
380 3785 516 3869 aequalis
538 3785 625 3869 patri
647 3792 824 3866 sanctoque
847 3783 991 3866 spiritui,

378 3893 483 3956 trinus
505 3898 538 3955 et
560 3907 642 3954 unus
665 3887 745 3952 deus
767 3887 952 3969 invisibilis,

380 3995 458 4062 milui
480 3993 648 4062 succurre!

377 4171 416 4240 Si
437 4195 489 4239 me
512 4175 617 4240 subtili
640 4191 760 4258 pensas
783 4175 843 4239 sub
866 4170 1051 4275 libramine,

376 4297 455 4364 spes
477 4282 510 4344 in
531 4299 584 4343 me
606 4280 695 4344 nulla
716 4285 863 4342 remanet
885 4275 1031 4359 fiduciae,

377 4384 439 4448 sed
460 4381 613 4466 rogativa
633 4402 685 4446 me
706 4382 813 4446 salvet
835 4378 983 4464 potentia

378 4485 464 4552 filios
487 4486 556 4550 dei..

376 4667 469 4733 l'olle
490 4673 676 4754 peccatum,
700 4664 796 4728 delue
820 4663 984 4744 facinora,

376 4774 473 4840 ablue
496 4772 611 4838 sordes
634 4771 784 4853 donaque
808 4766 1020 4847 charismata,
