3324 5358
234 313 301 380 858

300 499 392 584 Ave,
415 499 508 583 cujus
531 498 633 564 facies
840 501 861 563 5
982 496 1073 581 Avo,
1099 499 1192 584 ouJus
1217 500 1324 583 gratia

345 608 442 686 sputo
464 600 679 684 deformatur,
1025 602 1144 667 latroni
1167 603 1352 686 miseretur,

301 706 405 790 alapis
430 704 644 788 confunditur,
982 705 1058 772 dum
1081 715 1293 792 compunctus
1316 709 1422 772 animo

344 811 460 896 parmis
484 810 664 876 obvelatur.
1025 817 1058 874 te
1081 808 1178 876 deum
1200 810 1383 876 confitetur.

301 969 392 1054 Ave,
416 970 509 1054 cujus
531 971 675 1036 inclitum
982 969 1074 1058 Ave,
1098 974 1154 1057 qui
1175 975 1334 1060 discipulo
1502 979 1545 1041 45
1645 1013 1646 1088 ᾗ

346 1093 466 1159 corpus
489 1073 686 1140 denudatum
1026 1086 1161 1144 matrem
1184 1078 1425 1163 commendasti,

303 1187 338 1245 et
358 1180 524 1261 virgarum
544 1179 662 1244 ictibus
982 1181 1126 1249 Johauui
1147 1183 1298 1266 virgineo

240 1349 246 1366 ,
345 1283 417 1348 dire
434 1285 651 1350 verberatum.
1027 1286 1169 1370 custodi,
1193 1306 1288 1370 quem
1310 1287 1434 1353 amasti

303 1446 397 1532 Ave,
419 1448 474 1533 qui
495 1467 663 1533 purpurea
983 1446 1074 1534 Ave,
1102 1449 1216 1517 dulcor
1239 1452 1354 1517 animae

344 1559 438 1618 verte
462 1550 673 1616 circumdaris
1027 1551 1116 1616 cruci
1139 1553 1364 1637 conclavatus,
1504 1557 1546 1622 50
1645 1575 1646 1608 l

302 1664 336 1724 et
359 1657 486 1722 derisus
511 1657 619 1721 talitcr
982 1653 1069 1719 fellis
1094 1657 1285 1720 amarissimi
1645 1653 1646 1740 l

345 1759 447 1845 spinis
466 1760 644 1826 coronaris.
1026 1759 1146 1842 poculo
1170 1765 1310 1844 potatus

302 1919 394 2003 Ave,
420 1919 473 2002 qui
496 1920 538 1985 ad
560 1920 722 1986 victimam
983 1913 1074 2000 Ave,
1098 1919 1153 2002 qui
1173 1920 1323 1987 incendio

347 2021 461 2088 ductus
483 2021 639 2106 bajulasti
1027 2023 1133 2088 crucis
1159 2044 1195 2088 es
1219 2035 1360 2110 assatus,

303 2145 443 2210 crucem,
465 2127 499 2190 iu
522 2145 585 2208 qua
607 2125 735 2190 fortiter
984 2147 1088 2210 agnus
1112 2129 1181 2193 siue
1201 2131 1327 2196 macula
1504 2133 1546 2196 55

346 2247 408 2313 pro
430 2230 524 2295 nobis
549 2229 714 2294 dimicasti.
1025 2249 1087 2314 pro
1109 2233 1203 2300 nobis
1225 2234 1416 2300 immolatus.

983 2397 1075 2486 Ave,
1098 2402 1231 2468 tradens
1260 2404 1406 2487 spiritum

1026 2508 1118 2589 patri
1132 2507 1378 2591 commendasti,

986 2626 1068 2693 opus
1092 2611 1150 2676 tibi
1173 2611 1331 2677 creditum

1027 2710 1081 2794 pie
1105 2714 1341 2778 consummasti.
1506 2716 1549 2779 60

238 2443 293 2520 1v.
316 2442 408 2530 Avo,
432 2447 525 2530 cujus
549 2444 655 2512 denuo

347 2568 467 2634 corpus
490 2551 686 2618 denudatum

303 2659 370 2720 stat
390 2655 423 2720 in
446 2675 542 2722 cruce
565 2657 713 2722 manibus

347 2758 538 2842 etpedibus
560 2759 704 2842 ligatum.

303 2918 380 2999 Aac,
404 2925 457 3002 poi
478 2923 630 2986 emolitos
823 2923 864 2987 25
918 2921 957 2989 V.
980 2926 1044 2991 Aac
1065 2928 1164 2993 dotato
1184 2929 1285 2996 tostto

346 3040 460 3088 monos
483 3026 660 3106 copoodisti
1027 3047 1135 3094 555555
1153 3035 1246 3112 potrc
1268 3034 1363 3114 dcc,

302 3128 333 3190 ct
349 3143 460 3208 poeoos
481 3127 676 3192 miserabiles
983 3135 1047 3198 coto
1069 3151 1153 3198 accc
1167 3137 1314 3216 ‘propitio

343 3232 434 3294 corde
453 3231 614 3312 pertulisti.
1022 3243 1182 3320 peccatori
1202 3257 1264 3304 cco.

303 3403 412 3472 Avete
435 3428 547 3475 manus
572 3431 680 3476 aureae
982 3419 1056 3498 Aoc,
1077 3438 1167 3502 quem
1188 3425 1222 3486 ta
1244 3421 1342 3488 tolero
1504 3427 1545 3488 65

344 3513 468 3596 pariter
490 3523 523 3580 et
545 3516 689 3601 mundae,
821 3521 864 3586 30
1026 3521 1137 3588 toacco
1155 3528 1320 3604 percusso,

300 3635 361 3700 per
384 3637 464 3699 quas
488 3619 574 3685 dona
596 3624 712 3704 gratiae
983 3643 1049 3709 qcae
1070 3631 1181 3691 matris
1203 3645 1257 3690 cor
1280 3643 1318 3690 55
1339 3627 1468 3694 oclacrc

342 3723 508 3805 profluunt
529 3725 689 3791 habunde.
1025 3729 1127 3795 calado
1150 3735 1311 3812 percussit.

301 3897 392 3982 Ave,
414 3901 518 3985 pedes
540 3905 641 3969 incliti
980 3909 1056 3980 Ave
1079 3915 1163 3978 latus
1186 3913 1337 3980 floridum

345 4006 447 4069 clavis
469 4010 643 4094 perforati,
1026 4017 1114 4081 rosei
1138 4018 1281 4101 cruoris,
1504 4022 1546 4087 70

302 4129 343 4176 ao
367 4112 400 4175 in
423 4116 528 4180 crucis
552 4118 662 4200 stipite
819 4122 861 4184 35
981 4139 1024 4184 ex
1047 4140 1119 4202 quo
1132 4131 1264 4188 manant
1285 4124 1381 4190 rivurli

344 4217 439 4282 simul
462 4219 641 4286 cancellati.
1024 4223 1143 4287 fervidi
1165 4226 1292 4290 amoris.

300 4391 471 4480 Ave,·qui
494 4417 565 4464 oum
587 4401 693 4486 impiis
853 4403 857 4416 ¹
978 4403 1043 4473 Aac
1065 4408 1195 4486 scopato
1214 4401 1338 4489 deride,

343 4499 440 4564 morti
463 4499 630 4584 deputaris
1025 4510 1158 4591 sanguis
1182 4525 1358 4592 generose,

300 4607 334 4665 et
355 4621 416 4685 pro
439 4605 687 4675 adversantibus
981 4610 1116 4692 lausei,
1141 4611 1196 4694 qui
1218 4619 1251 4674 to
1274 4629 1336 4694 pro
1358 4631 1410 4676 me
1503 4614 1545 4676 ⁷5

310 4745 313 4752 ·
341 4708 396 4790 pie
420 4708 619 4792 deprecaris.
818 4713 862 4778 lc
1026 4717 1140 4783 effudit
1162 4719 1305 4803 copiose.
