3316 5358
220 313 287 382 Μ

218 521 282 590 per
303 500 365 565 lios
387 497 545 578 decerno,

265 603 354 688 qnod
374 599 516 668 fiendum
538 616 639 666 cerno

221 709 264 774 sit
286 709 328 774 ab
350 713 484 772 aterno.

223 883 286 968 om
307 883 511 952 dominantur

267 989 403 1071 ceteris,
424 987 582 1052 miramur

223 1112 291 1174 me,
312 1098 350 1158 nt
372 1106 483 1154 eorum

267 1195 429 1260 dominnm
452 1197 658 1273 cunctornm3

222 1297 300 1363 hinc
322 1315 359 1361 se
376 1297 548 1362 bastantes

265 1419 381 1484 meque
405 1398 580 1464 adorantes

222 1513 298 1572 sunt
319 1503 530 1570 dominantes.

221 1685 277 1754 Me
298 1683 509 1770 principatus,

264 1795 301 1852 ut
323 1787 438 1863 horum
460 1790 511 1846 est
533 1786 647 1862 statne,

221 1890 403 1976 prinoipem
424 1905 553 1970 regum

265 1991 457 2078 principium
479 2009 588 2056 rernm

222 2093 367 2180 gaudent
389 2093 512 2174 rimam,

264 2195 411 2264 rimando
433 2194 558 2278 mirati,

222 2318 288 2385 quo
310 2307 385 2366 snut
406 2305 472 2362 tam
495 2295 585 2363 olari.

222 2479 349 2548 Cuncta
370 2499 421 2543 me
443 2495 542 2562 posse

264 2582 432 2668 proprium
454 2579 497 2644 ad
518 2577 619 2660 velle,

222 2685 282 2752 aed
302 2685 457 2770 pietatem

185 2855 198 2884 ἵ,
265 2808 392 2893 opinem
414 2808 435 2853 a
456 2806 508 2850 me
530 2784 639 2850 datam

222 2901 297 2959 sunt
317 2897 512 2956 venerantes

264 2995 461 3076 multumque
482 2993 637 3057 mnantes

221 3118 263 3164 en
284 3103 475 3182 potestates.

219 3275 365 3361 Stupore
388 3275 488 3358 digna

263 3378 421 3442 facientes
443 3376 538 3458 signa

219 3478 356 3545 virtutes
379 3495 483 3542 sacrae

261 3585 404 3667 probant
425 3582 458 3645 in
481 3599 518 3644 se
542 3579 655 3663 clare,

218 3684 306 3769 qnod
328 3685 388 3748 sim
410 3683 563 3747 virtutum

262 3789 409 3854 dominus
432 3795 621 3854 cunctarum

217 3889 377 3972 datorque
398 3890 521 3956 harum.

215 4068 261 4138 Ut
281 4071 346 4156 ipsi
367 4071 498 4155 volunt,

260 4176 450 4258 archangeli
468 4186 608 4244 noscunt

214 4280 303 4345 nude
326 4287 470 4364 secreta,

177 4473 179 4476 Ι
259 4384 394 4449 consilia
415 4403 503 4468 mea,

171 4483 174 4488 ’
212 4483 407 4550 hiemando
430 4493 532 4550 totum

257 4607 309 4651 me
331 4589 402 4652 lore
424 4588 638 4672 tremendum,

211 4687 288 4772 plus
311 4689 518 4774 diligendum

902 491 1056 580 Abyssus
1079 493 1179 560 multa

942 597 1067 683 judicia
1087 617 1177 682 mea,

807 699 848 762 35
902 721 968 768 non
991 709 1066 768 sunt
1087 701 1216 768 occulta

946 807 1072 890 angelis
1093 806 1168 872 luco
1188 805 1288 887 ultra,

903 907 1072 972 mundanis
1093 903 1256 990 pandant,

945 1019 982 1077 ut
1003 1029 1070 1093 me,
1093 1009 1122 1074 si
1142 1024 1208 1074 non
1231 1013 1355 1089 amant,

904 1113 1019 1179 saltem
1040 1117 1230 1197 pavescant.

807 1287 849 1354 ⁴⁰
903 1317 961 1386 Sic
983 1337 1044 1402 per
1066 1321 1197 1382 creatos

947 1420 1079 1506 spiritus
1101 1421 1218 1486 beatos

904 1525 985 1589 deus
1012 1522 1160 1588 occultus

946 1625 992 1690 lio
1013 1623 1217 1706 manifestus,

903 1729 1039 1796 illucens
1063 1725 1175 1811 primis

946 1831 1077 1898 revelor
1099 1827 1151 1894 his
1173 1825 1260 1912 imis,

806 1880 851 1943 ⁴⁵
903 1934 1027 2002 cunctis
1050 1931 1235 1998 communis.

902 2137 971 2204 Seu
992 2139 1056 2203 sint
1078 2136 1247 2217 ardentes,

947 2261 1006 2308 seu
1026 2241 1124 2325 plene
1149 2239 1305 2319 scientes,

903 2363 962 2412 seu
984 2345 1199 2425 dominanter,

805 2473 847 2537 50
944 2450 999 2513 vel
1022 2448 1099 2530 quid
1119 2447 1320 2527 nuntiantes,

901 2551 989 2637 quod
1011 2557 1101 2634 sunt,
1124 2547 1212 2632 quod
1234 2547 1362 2629 valent,

943 2662 1047 2720 totum
1068 2673 1096 2740 a⁵
1109 2672 1161 2717 me
1183 2651 1321 2732 habent,

900 2778 1030 2842 semper
1053 2775 1148 2840 quem
1169 2754 1290 2820 vident.

806 2989 847 3052 55
899 2958 1000 3024 Plene
1023 2956 1187 3036 cibantur,

944 3060 1020 3125 dum
1042 3079 1093 3123 me
1116 3055 1388 3140 contemplantur,

901 3165 956 3247 qui
978 3164 1093 3228 horum
1114 3169 1201 3227 totus

943 3287 1014 3332 snm
1037 3267 1127 3332 cibus
1150 3272 1184 3329 et
1205 3271 1318 3348 pctus3

901 3369 1047 3450 claritas,
1069 3368 1173 3432 virtus

942 3472 1058 3538 horum
1082 3479 1132 3536 est
1153 3470 1307 3554 vestitus,

804 3578 846 3642 60
898 3575 978 3639 mire
1000 3573 1130 3658 politus.

897 3782 953 3847 Me
976 3781 1179 3845 incessanter

940 3885 1111 3950 laudantes
1134 3887 1294 3964 amanter,

896 3990 973 4055 hino
994 3989 1029 4054 ln·
1051 3987 1140 4054 beati

939 4090 1102 4176 perpetim
1123 4088 1261 4172 firmati,

802 4180 842 4244 ⁶5
896 4195 973 4260 hino
996 4194 1131 4277 gloriosi

940 4316 1071 4382 semper
1092 4293 1259 4379 luminosi,

895 4401 1016 4466 similes
1037 4399 1123 4466 mihi

893 4589 979 4658 Sunt
1000 4592 1036 4658 hi
1056 4592 1224 4678 viventes,

798 4695 840 4760 70
935 4717 988 4764 mo
1009 4695 1079 4765 vitt
1100 4698 1261 4786 fruentes,
