3324 5358
197 489 280 557 «Iesu
301 487 447 571 Christe,
469 486 517 552 iili
538 488 608 570 dei,
879 486 907 554 0
929 489 1044 570 Maria,
1067 488 1165 569 virgo
1186 487 1259 571 pia,

197 599 291 656 verte
314 591 399 654 diem
421 591 527 658 laetus
549 591 629 672 mei,
879 600 950 657 esto
972 593 1049 656 mihi
1070 597 1140 656 tuta
1158 591 1222 673 via,
1442 592 1508 656 230

241 715 346 760 meum
368 695 413 758 sis
434 695 627 762 remedium:
764 694 825 757 195
922 695 1112 779 angelorum
1135 693 1280 778 domina,

197 797 295 880 iesu,
318 817 395 881 spes
417 805 450 862 et
472 799 560 864 salus
581 816 670 880 mea,
877 816 961 882 roga
983 797 1097 863 Jesum
1118 805 1207 862 tuam
1230 805 1357 880 natum,

197 909 233 968 tu
254 900 335 966 Jesu
356 901 464 983 portio
487 921 560 967 mea
877 909 913 966 ut
933 900 1094 984 perducat
1115 921 1167 966 me
1190 900 1234 966 ad
1256 907 1374 966 statum

241 1008 275 1070 ia
297 1008 383 1070 terre
405 1007 580 1072 viventum.
775 1063 778 1068 .
921 1002 965 1067 ad
986 1010 1171 1070 sanatorum
1193 1003 1331 1085 agmina.

196 1216 279 1284 Jesu
303 1217 397 1284 salva
417 1239 484 1301 me,
508 1219 667 1303 salvator,
876 1188 972 1257 A¹¹¹⁸
994 1192 1086 1275 ”¹¹¹¹ae
1109 1191 1192 1258 «¹⁰⁸¹
1212 1191 1283 1277 1¹¹⁰,
1441 1193 1505 1256 235

198 1328 270 1386 esto
292 1340 383 1385 meus
405 1322 562 1388 liberator
760 1324 824 1388 200
876 1297 969 1361 ⁸¹¹V¹¹
991 1315 1042 1359 ¹¹¹⁰
1064 1295 1097 1359 ¹¹¹
1119 1295 1176 1360 ¹¹¹¹
1199 1295 1252 1360 ‘¹¹⁰

241 1421 284 1488 de
305 1425 418 1490 mortis
440 1426 615 1508 voragine:
920 1398 1051 1462 solvens
1073 1415 1147 1461 mea
1169 1396 1318 1479 vineu1a3*

197 1522 295 1607 iesu,
318 1526 447 1592 laudem
470 1527 529 1592 tibi
552 1526 642 1609 dieo,
875 1507 911 1566 ¹¹¹
933 1509 966 1566 ¹⁰
988 1501 1116 1565 valeam
1138 1499 1293 1583 ¹³¹¹¹¹¹⁰2

195 1645 313 1692 nomen
334 1636 422 1694 tuum
444 1629 612 1712 modim,
875 1603 1005 1671 laudem
1026 1611 1115 1670 tuam
1137 1603 1313 1670 decantare

239 1748 367 1794 manum
384 1729 462 1796 mihi
483 1732 627 1815 porrige,
918 1709 953 1774 in
975 1715 1099 1774 aeterna
1121 1708 1252 1775 saecula.
1439 1706 1504 1770 240

874 1899 924 1964 De
946 1900 1075 1984 virgine
1098 1906 1175 1965 nato
1196 1905 1317 1982 matre,

874 2004 972 2088 iesu,
995 2005 1054 2070 tibi
1075 2005 1146 2069 laus
1170 2023 1241 2070 eum
1263 2009 1359 2087 patre

918 2115 952 2172 et
973 2126 1046 2173 eum
1069 2113 1182 2172 saneto
1205 2105 1349 2170 flamine:

874 2209 957 2274 assis
978 2209 1066 2291 mihi,
1088 2227 1130 2272 ne
1153 2208 1306 2290 moreris,

875 2313 1038 2379 eolloeare
1060 2331 1111 2375 me
1135 2310 1280 2395 digneris
1437 2311 1503 2373 245

917 2417 950 2480 in
973 2414 1182 2482 beatitudine.
1211 2433 1313 2479 amen.

197 1943 257 2023 Qui
279 1945 321 2010 de
343 1947 434 2013 eoelis
456 1948 653 2016 descendisti
757 1953 821 2017 205

195 2054 293 2131 atque
315 2051 466 2118 mundum
490 2054 657 2132 redemisti

237 2160 295 2218 tuo
317 2173 413 2220 saero
435 2158 612 2240 sanguine,

193 2276 255 2339 per
277 2264 310 2320 te
333 2267 448 2341 surgat
469 2279 529 2344 pes
552 2261 640 2345 elisi,

193 2357 237 2423 ad
259 2378 386 2426 amoena
407 2361 553 2444 paradisi

236 2463 323 2528 viam
344 2483 449 2530 meam
471 2465 588 2550 dirige.
754 2467 820 2532 210

191 2671 215 2740 J
322 2675 329 2691 ,
977 2610 1099 2708 incipit
1122 2611 1278 2684 secunda
1299 2635 1398 2710 pare.

215 2691 274 2741 esu
295 2695 365 2760 ple,
387 2674 470 2742 iesu
492 2678 595 2762 bone,

191 2798 243 2844 me
266 2799 345 2846 erue
368 2781 410 2846 de
431 2782 527 2846 leone
871 2787 970 2870 iesu,
993 2786 1113 2852 munda
1135 2805 1193 2852 eor
1215 2787 1383 2870 immundi,

236 2889 270 2946 et
293 2882 333 2946 de
356 2885 468 2950 mortis
490 2886 653 2968 angustia:
873 2892 927 2975 qui
948 2897 1086 2976 peecata
1108 2891 1196 2957 tellis
1218 2891 1344 2972 mundi,
1400 2915 1403 2920 ·

192 3005 245 3050 me
268 2988 458 3053 commenda
479 2991 537 3056 tibi
560 2991 638 3074 dee,
916 2996 971 3078 qui
993 2994 1138 3078 disponis
1160 2997 1283 3060 omnia:

192 3091 363 3158 subveniat
383 3091 462 3156 mihi
482 3111 542 3158 ree
752 3095 818 3158 215
871 3118 923 3162 me
945 3104 1134 3163 trententem
1152 3096 1255 3162 redde
1274 3104 1391 3179 tutum,
1435 3097 1503 3162 250

234 3199 291 3258 tua
309 3202 423 3262 saneta
444 3198 561 3280 gratia.
872 3200 1029 3268 confirma
1050 3221 1101 3268 me
1124 3199 1312 3266 destitutum

914 3306 949 3369 in
970 3313 1027 3369 tua
1044 3304 1181 3388 justitia.

190 3407 287 3491 Jesu,
310 3415 375 3474 tuae
397 3410 549 3494 bonitati,

190 3518 256 3577 tuae
279 3529 410 3578 summae
432 3514 547 3597 pietati

150 3607 159 3640 ³
232 3635 338 3682 meum
359 3617 463 3682 redde
486 3619 641 3704 spiritum,

190 3724 261 3782 este
283 3719 360 3784 mihi
381 3721 436 3785 via
458 3721 555 3804 lueis,
645 3759 648 3766 ,

191 3821 245 3903 qui
265 3841 327 3904 per
348 3823 470 3904 lignum
492 3831 616 3889 sanetae
639 3826 746 3892 erneis

232 3924 383 3990 mundum
406 3926 543 3993 salvasti
562 3929 732 4012 perditum.

868 3467 951 3534 Jesu
976 3461 1121 3550 Christe,
1144 3473 1180 3532 tu
1203 3465 1257 3550 qui
1280 3467 1397 3554 doces,

869 3575 1098 3658 conquerentis
1120 3574 1196 3640 audi
1217 3594 1335 3660 voees,

752 3723 817 3790 220
911 3679 1049 3744 hominis
1071 3681 1256 3747 seientiam:
1333 3693 1335 3698 '
1433 3683 1499 3748 255

868 3790 969 3866 tange
990 3801 1111 3850 nervos
1133 3805 1215 3850 meae
1233 3785 1365 3870 mentia,

869 3907 994 3970 aegrum
1016 3906 1115 3970 sana,
1137 3890 1324 3972 poenitentis

912 3992 1031 4057 munda
1054 3993 1293 4059 eonseientiam.

187 4144 269 4212 Jesu
289 4145 360 4230 pie,
382 4149 474 4232 veni,
496 4151 587 4234 veni,
760 4205 763 4210 .
819 4215 822 4218 .
867 4153 950 4220 Jesu
971 4155 1066 4237 bens,
1090 4151 1220 4220 Christe
1242 4155 1342 4239 mitis,

186 4267 229 4314 ne
250 4269 302 4314 me
324 4250 425 4316 laedat
446 4253 544 4318 alieni
867 4258 995 4342 suscipe
1017 4278 1085 4342 me,
1108 4260 1164 4342 qui
1182 4260 1301 4324 emittis
1431 4261 1498 4327 260

234 4361 268 4418 et
290 4355 432 4420 erudelis
453 4358 574 4441 bestia,
664 4415 667 4420 .
748 4359 812 4424 225
908 4363 1015 4430 fontes
1037 4365 1071 4429 in
1094 4366 1310 4432 convallibus:

188 4471 261 4537 quae
282 4476 335 4521 me
358 4459 473 4541 quaerit
494 4457 673 4545 devorare,
865 4465 951 4531 dena
972 4468 1095 4535 fontem
1116 4469 1341 4552 lacrimarum,

123 4641 127 4648 ι
186 4557 305 4624 festina
326 4579 378 4624 me
399 4561 541 4628 liberare
863 4575 900 4636 ut
918 4571 1009 4636 fonte
1032 4571 1221 4640 deliciarum

230 4680 293 4745 pro
314 4670 371 4730 tua
393 4665 571 4733 elementia.
905 4672 997 4740 fruar
1017 4673 1053 4740 in
1074 4675 1270 4744 coelestibus.
