3324 5358
183 269 251 336 266

278 450 311 506 V.
330 451 389 505 133.
419 449 483 522 Vgi
506 450 559 506 No.
577 453 612 504 25
635 449 664 506 S.
682 451 725 504 33.
756 449 908 506 &nectutis
932 447 1044 504 hnmani
1067 448 1179 519 generis
1204 449 1331 508 dominus
1349 457 1447 510 noster
1465 459 1498 512 et

188 545 303 598 creater
321 538 403 594 nobis
423 543 452 594 at
469 543 620 608 reparator
637 536 768 606 advenit,
800 541 831 590 ut
848 536 985 591 moriente
1003 535 1112 591 scilicet
1135 540 1234 594 vetere
1251 538 1363 597 homine
1390 557 1496 596 novum

187 632 217 686 in
244 645 276 684 se
301 627 501 695 constitueret,
529 642 610 696 quem
636 629 747 681 exutum
771 624 836 680 labe
860 629 976 680 terrena
1001 623 1030 676 in
1056 623 1184 680 colestia
1205 640 1296 696 regna
1319 624 1498 684 transferret

189 720 322 789 domatio.
342 715 396 770 div.
414 718 511 784 quaest.
530 714 572 782 66,
590 716 617 767 3.

278 803 312 857 V.
330 802 472 858 136·-33.
498 801 607 871 Grapor.
624 800 689 858 Noc.
718 802 790 856 orat.
807 800 843 852 23
871 813 897 868 p.
915 799 977 854 tto.
1004 797 1084 854 redet
1110 798 1165 856 den
1192 801 1347 874 gltubigen
1364 803 1441 862 Horo
1465 805 1496 861 in

190 892 269 950 einer
285 890 404 960 Prcdigt
422 905 456 944 so
474 905 524 944 an:
543 887 630 960 στῆθι
647 886 701 944 τῶν
719 885 799 963 ἱερῶν
816 888 938 957 πλησίον,
957 884 1069 958 καὶτῆς
1086 887 1220 960 μυστικῆς
1237 887 1334 962 ταύτης
1352 895 1495 967 τραπέζης,

190 977 281 1053 adponi
298 976 347 1034 τοῦ
366 976 414 1032 διὰ
431 974 532 1032 τούτων
549 973 796 1050 μεσταγωγοῦντος
812 973 861 1045 τὴν
879 975 991 1028 θέωσιν.
1027 975 1065 1029 Εε
1086 975 1156 1046 geht
1173 975 1277 1031 daraus
1295 978 1409 1050 hervor,
1428 980 1497 1036 dass

191 1068 242 1123 der
255 1063 450 1138 Predigtstuhl
467 1065 523 1118 nah
540 1080 585 1120 am
599 1064 692 1121 Chore
711 1061 803 1138 (ispi)
822 1061 912 1130 stand,
933 1060 999 1116 dass
1017 1071 1207 1136 prosopopaiv
1226 1064 1270 1118 die
1288 1065 1379 1120 Messa
1398 1066 1496 1122 hulten

190 1154 247 1210 und
264 1156 370 1215 θέωσις
388 1152 432 1206 die
450 1151 616 1224 Wandiung
634 1150 725 1220 hiess,
757 1166 819 1204 was
843 1149 893 1204 mit
917 1144 1045 1220 deificatio
1067 1151 1211 1226 iibersetnt
1237 1151 1316 1206 wird
1352 1153 1403 1208 Die
1422 1153 1497 1210 Con·

189 1239 333 1297 sacratior
356 1244 442 1294 nennt
466 1239 574 1308 (ἕτερον.
592 1238 656 1294 Noz.
682 1242 753 1294 orat.
773 1239 807 1291 19
832 1253 858 1307 p.
876 1239 936 1292 365.
960 1236 995 1292 τὰ
1014 1236 1161 1311 τελούμενα
1186 1241 1242 1296 und
1267 1245 1333 1312 sagt
1357 1257 1415 1296 von
1433 1241 1496 1295 dem

189 1327 400 1383 celebrirenden
418 1326 557 1381 Priester:
586 1324 704 1381 ἐπειπὼν
729 1323 763 1380 τὰ
787 1323 835 1395 τῆς
857 1322 1034 1400 εὐχαριστίας
1053 1325 1162 1400 ῥήματα
1180 1325 1281 1395 οὕτως,
1309 1323 1346 1390 ὥς
1366 1326 1495 1398 σύνηθες,

189 1419 235 1471 καὶ
258 1415 304 1472 τὸν
328 1413 394 1470 λαὸν
411 1411 620 1486 κατενλεγήσας.
656 1411 757 1467 Biliius
775 1411 903 1467 bemerkt
928 1412 956 1466 in
975 1413 1069 1468 seiner
1087 1415 1221 1487 Ansgabe
1239 1414 1289 1469 des
1307 1414 1420 1486 Gregor
1437 1429 1496 1470 von

189 1503 313 1559 Naziann
337 1507 403 1557 tom.
420 1505 447 1571 2,
465 1501 518 1557 636
542 1503 600 1571 (ed.
619 1501 724 1572 Lips.),
757 1500 824 1555 dass
847 1499 892 1555 dic
912 1501 1039 1557 (iactation
1057 1503 1106 1556 des
1124 1501 1294 1558 Abendmals
1317 1503 1364 1557 bei
1381 1502 1495 1574 Gregor

189 1589 285 1660 τύποι,
304 1590 350 1645 bei
368 1590 525 1645 Tertullian
541 1589 635 1661 fipuroe
652 1589 708 1645 und
727 1589 773 1644 bei
790 1589 930 1660 Angustia
947 1594 1022 1662 sipon
1040 1594 1164 1662 genannt
1181 1590 1305 1645 werden.

279 1678 311 1731 V.
332 1677 392 1730 138.
423 1677 534 1746 Corpus
562 1682 715 1733 attrectare
743 1675 860 1745 domini,
893 1676 967 1731 wird
993 1693 1060 1734 vom
1085 1679 1212 1734 Priester
1238 1683 1355 1750 gesagt‚
1386 1676 1443 1732 und
1460 1677 1495 1731 de

189 1765 302 1822 sublimi
319 1766 385 1820 loco
404 1765 602 1820 eucharistiam
619 1766 779 1820 ministrare
798 1764 913 1834 populo.
948 1765 1055 1821 Hieron.
1074 1766 1136 1821 adv.
1153 1763 1241 1822 Lucis.
1258 1768 1284 1820 3.

276 1853 310 1907 V.
328 1853 470 1907 166-63.
493 1853 621 1909 Christus
641 1853 760 1924 primum
778 1856 983 1908 sacramentum
1000 1853 1131 1925 corporis
1149 1857 1179 1909 et
1197 1851 1341 1926 sanguinis
1360 1852 1404 1906 sui
1421 1865 1497 1908 com·

188 1942 308 1998 munitor
326 1941 453 1994 omnibns
471 1941 610 2010 apostolis
629 1940 712 1995 dedit
747 1941 882 2012 Auprtstini
899 1942 978 2012 epist
1000 1943 1044 2010 tt,
1063 1943 1105 1997 16.

274 2030 307 2083 V.
327 2030 385 2084 stt.
412 2027 497 2098 Legis
522 2028 567 2082 dei
590 2026 692 2100 regula
716 2025 754 2082 ist
772 2027 817 2082 die
835 2029 937 2100 regula
954 2025 1027 2086 fidei.
1054 2028 1083 2085 S.
1100 2028 1154 2084 No.
1171 2029 1239 2084 29.
1273 2027 1330 2084 Der
1346 2025 1496 2083 Ausdrnclr

187 2117 294 2174 kommt
310 2117 340 2171 in
359 2116 493 2186 spitoren
511 2115 630 2172 Liedern
646 2114 725 2172 nicht
742 2112 787 2172 oft
804 2131 865 2172 vor.

535 2399 621 2472 202.
656 2399 701 2470 ln
731 2397 789 2470 die
816 2401 977 2498 corporis
1004 2396 1148 2472 Christi.

304 2613 341 2684 in
368 2635 512 2712 opressa
538 2610 703 2684 eeclesiae.
898 2612 936 2684 in
958 2611 1115 2682 secunda
1134 2610 1292 2682 statione.
1324 2633 1458 2682 versus.

185 2763 429 2852 Ascendentem
444 2762 606 2852 Christum
621 2763 662 2828 de
676 2763 740 2828 hac
753 2763 812 2827 mi·
865 2759 1007 2827 Summae
1029 2768 1124 2846 pater
1149 2761 1283 2845 gloriae,

534 2869 621 2932 seria
910 2884 1029 2950 corpus
1051 2866 1098 2930 tui
1120 2866 1189 2930 nati

185 2990 422 3058 prosequamur
435 2992 496 3056 per
514 2978 628 3036 sancta
642 2970 813 3051 desideria,
865 2969 967 3032 vestis
990 2975 1040 3033 est
1061 2967 1248 3051 mundicias,
1452 2968 1493 3032 15

184 3076 277 3141 vadit
299 3094 394 3140 orare
413 3093 474 3158 pro
497 3075 592 3140 nobis
613 3075 645 3139 in
667 3075 790 3158 patria,
909 3089 974 3153 qua
996 3089 1104 3138 sumus
1126 3070 1241 3138 renati.

185 3199 320 3245 manens
342 3180 448 3264 pascit
469 3197 530 3244 nos
553 3178 758 3244 eucharistia.
864 3172 928 3238 hac
949 3174 1105 3238 vestimur
1127 3179 1189 3240 etc.

434 3397 568 3445 υετεειε.
863 3373 902 3440 io
921 3369 1023 3441 tertia
1037 3369 1194 3440 statione.
1223 3367 1493 3465 responsorium.

185 3545 247 3612 per
276 3543 370 3607 quem
405 3523 472 3590 talc
501 3523 595 3588 nobis
625 3522 734 3588 datum
762 3532 812 3588 est
865 3523 1006 3608 Ospem
1027 3523 1156 3607 miram,
1181 3542 1276 3606 quam
1298 3521 1355 3588 dat
1376 3519 1474 3589 Jesus

530 3627 739 3711 promissum:
791 3628 811 3688 5
907 3627 974 3692 suis
995 3627 1107 3710 largus
1129 3627 1273 3709 famulis,

186 3733 318 3819 „vado‚
370 3749 499 3814 semper
543 3747 713 3794 mansurus
750 3747 811 3794 vo·
865 3732 940 3796 olim
963 3750 1068 3798 caesus
1091 3750 1176 3798 nunc
1193 3732 1317 3798 illaesus
1447 3731 1491 3794 26

530 3832 689 3902 biscum.“
910 3850 982 3898 cum
1003 3833 1156 3896 ministris
1174 3834 1301 3916 angelis
1307 3853 1317 3915 3

190 4009 199 4027 ,
288 4009 296 4026 ,
440 4007 448 4026 ,
737 4006 745 4023 ,
865 3936 959 3999 vivus
981 3941 1089 4000 manet
1112 3937 1259 4019 quamvis
1281 3953 1372 4019 esus,

183 4034 220 4079 m
234 4033 351 4108 premo
366 4015 524 4078 amoene.
541 4029 811 4105 responsorium.
907 4038 962 4106 hio
983 4039 1016 4104 in
1038 4039 1265 4105 tabernam

182 4159 272 4224 Vere
293 4157 420 4242 Joseph
442 4159 550 4224 tunica

224 4263 306 4327 mne
327 4264 488 4349 polimita,

181 4368 334 4451 passione
356 4369 476 4452 punica
861 4359 994 4428 Invitati
1015 4360 1204 4427 festinemus

224 4471 317 4536 nobis
339 4470 503 4550 redimita3
768 4467 808 4531 16
906 4462 949 4528 ad
970 4465 1053 4528 tanti
1074 4467 1165 4548 regis
1186 4465 1405 4551 praesentiam,
1448 4469 1489 4532 25

178 4571 243 4638 hac
264 4575 420 4637 vestimur
441 4572 537 4635 unica
862 4573 895 4632 et
916 4584 978 4651 pro
1002 4567 1085 4632 datis
1107 4569 1201 4634 nobis
1224 4571 1328 4652 gratis

222 4695 308 4742 nunc
330 4683 363 4741 et
383 4675 452 4762 poli
473 4675 551 4740 vita.
905 4671 967 4738 sibi
988 4671 1162 4740 reddamus
1184 4673 1332 4758 gloriam.

1067 4240 1073 4251 ¹
1113 4233 1246 4282 verda&
