3312 5366
175 490 290 544 sauctus
307 486 363 542 iste
381 483 496 555 spiritus
514 483 606 554 qumis
624 483 662 538 sit
680 478 799 552 artifex,
825 480 1007 538 considerare
1024 481 1109 551 volo,
1137 481 1188 538 sed
1204 483 1234 538 iu
1250 483 1315 554 ipsa
1330 499 1395 540 mea
1412 499 1481 540 con·

175 575 348 632 sideratione
373 568 480 628 deficio.
520 571 620 641 Implet
642 587 760 642 namque
787 568 971 626 citharoedum
994 584 1123 640 puerum,
1156 574 1185 624 et
1203 571 1377 641 psalmistam
1395 568 1480 648 facit3

173 663 272 733 implet
288 665 432 732 pastorem
449 661 647 715 armentarium
664 674 831 730 sycomoros
849 657 1036 726 vellicantem,
1055 661 1085 711 et
1096 657 1265 727 prophetam
1277 654 1360 728 facit;
1378 657 1478 730 implet

171 749 359 806 abstinentem
376 763 501 818 puerum,
518 752 548 804 et
560 747 686 820 judicem
699 763 796 804 senum
807 743 891 818 facit,
908 745 1007 816 implet
1019 743 1198 816 piscatorem,
1216 749 1245 801 et
1257 745 1478 816 predicatorem

173 833 259 906 faeit3
290 834 388 906 implet
404 839 628 904 persecutorem,
647 839 676 890 et
693 834 838 890 doctorem
856 832 981 905 gentium
998 829 1082 902 facit,
1113 832 1211 903 implet
1228 833 1421 905 publicanum,
1446 838 1477 891 et

175 923 380 994 evangelistam
397 918 473 977 facit
509 921 533 979 0
551 922 641 992 qualis
660 926 705 977 ert
723 918 826 978 artifex
842 920 898 974 iste
916 919 1047 990 spiritus!
1066 919 1145 974 nulld
1162 919 1200 975 ad
1218 919 1378 976 discendum
1396 923 1478 978 mori

176 1010 273 1082 agitur
290 1009 320 1064 in
338 1025 426 1078 omne,
436 1009 521 1080 =quod
538 1008 677 1080 voluerit;
707 1024 773 1064 mox
789 1011 820 1062 ut
837 1007 966 1079 tetigerit
982 1011 1116 1077 mentem,
1134 1007 1231 1078 docet,
1250 1007 1397 1080 solumque
1415 1009 1480 1064 teti·

178 1096 256 1168 gissa
275 1095 403 1152 docuisse
422 1101 472 1150 est.
499 1112 563 1151 nam
581 1096 729 1151 humanum
747 1094 867 1150 animum
885 1093 978 1149 subito
996 1099 1028 1148 ut
1045 1093 1179 1163 illustrat,
1198 1095 1333 1166 immutat,
1355 1095 1481 1168 abneget

176 1184 250 1238 bono
267 1187 397 1254 repente,
416 1183 491 1254 quod
509 1187 588 1254 erat,
607 1182 720 1238 exhibet
737 1186 868 1253 repente,
887 1179 962 1252 quod
979 1197 1036 1236 uon
1055 1186 1124 1235 erat.
1159 1181 1268 1253 (ἕτερον.
1285 1199 1319 1238 m.
1336 1181 1432 1240 homil
1449 1183 1480 1239 in

175 1287 219 1328 ev.
237 1274 263 1341 2,
281 1273 325 1342 3⁰,
343 1271 368 1326 8.

597 1623 681 1698 180.
711 1623 771 1696 De
798 1624 922 1723 spiritu
944 1632 1077 1695 sancto.
1139 1583 1143 1592 ῃ

177 1827 209 1891 1.
229 1819 335 1887 Amor
356 1824 458 1908 putris
481 1833 514 1892 et
535 1825 610 1910 filii,
908 1847 947 1894 oo
969 1827 1184 1911 invariabilis,

228 1929 301 1992 veri
323 1930 477 2013 splendor
500 1934 629 2018 auxilii,
906 1931 1043 2014 habilis,
1066 1932 1183 1996 nobilis

228 2033 328 2096 totius
350 2051 426 2117 spes
448 2037 570 2120 solatii,
909 2052 949 2098 ac
970 2034 1212 2118 insuperabilis,

907 2141 1075 2220 promptus
1099 2143 1132 2200 et
1153 2135 1307 2202 amabilis.
1439 2139 1482 2205 ³0

908 2239 1026 2304 donum
1048 2239 1186 2306 electum

907 2341 990 2406 dens
1011 2343 1211 2408 intellectum

908 2445 990 2510 dans
1013 2453 1046 2510 ct
1068 2446 1233 2530 affectum,

908 2548 1053 2632 dirigens
1075 2558 1207 2616 rectum.

229 2168 257 2234 0
279 2167 468 2237 indeficiens
490 2174 616 2257 piorum

228 2273 285 2337 lux
307 2281 341 2338 et
361 2278 528 2358 praemium
546 2278 724 2364 justorum,
782 2280 801 2344 5

229 2377 418 2444 sublevator
439 2380 659 2466 perditorum3

229 2511 337 2579 Omnis
359 2517 570 2604 fortitudinis,

228 2620 332 2684 omnis
355 2623 555 2688 rectitudinis
899 2677 903 2684 .

229 2745 270 2791 ac
291 2727 497 2792 beatitudinis
854 2717 883 2779 4.
906 2714 1014 2779 Patris
1036 2734 1077 2782 ao
1098 2716 1167 2781 nati
1187 2717 1335 2802 spiritus,
1438 2718 1481 2782 35

282 2829 434 2916 donator,
760 2833 801 2898 10
906 2819 1077 2885 vivifieans
1100 2823 1295 2905 paraclitus,

908 2922 1026 2987 divinae
1050 2922 1174 2988 dextrae
1197 2923 1332 3010 digitus,

907 3025 1100 3111 sublimitas,
1121 3028 1307 3113 jocunditas

697 3205 700 3214 Ι
906 3137 940 3194 et
961 3131 1067 3214 pietas
1090 3139 1123 3196 et
1146 3133 1290 3216 bouitas,

177 3233 209 3296 2.
233 3229 456 3317 Omnipotens,
478 3234 656 3321 propitius,
906 3235 1090 3316 benignitas
1113 3242 1146 3299 et
1166 3236 1312 3320 largitas.
1436 3239 1481 3304 io

232 3337 447 3420 ⁰¹¹¹¹¹it⁶¹¹⁰¹¹⁸²
470 3339 628 3404 mumius·
908 3370 968 3450 Qui
989 3380 1086 3456 prout
1108 3374 1178 3438 vult
1201 3382 1235 3438 et
1256 3375 1311 3442 ubi
1332 3375 1418 3460 vult,

230 3475 370 3559 Justius,
395 3477 516 3559 carius,
539 3477 722 3563 honestius,
761 3478 802 3544 15
872 3459 874 3464 ¹
908 3495 1074 3560 quousque
1096 3479 1166 3544 vult
1184 3487 1217 3544 et
1235 3465 1387 3563 quantum
1400 3481 1480 3566 vult,

231 3580 389 3662 sanctius,
413 3580 543 3664 fortius,
568 3583 729 3666 subtilius,
906 3581 1010 3663 spirat
1032 3589 1065 3646 et
1087 3582 1205 3666 erudit,

231 3702 295 3768 quo
316 3684 396 3748 nihil
418 3691 468 3748 est
489 3685 681 3769 potentius,¹
908 3683 989 3748 ditat
1011 3694 1044 3750 et
1065 3687 1207 3768 instruit,

231 3805 293 3870 quo
318 3788 397 3853 nihii
420 3795 470 3854 cst
491 3790 547 3854 vel
568 3789 690 3857 meiius.
906 3789 1014 3874 replet
1036 3798 1070 3855 et
1092 3791 1197 3872 erigit.
1438 3793 1481 3857 45

231 2963 340 3032 Omnis
363 2969 585 3036 sanctitudinis

279 3077 414 3136 ametor.

229 3924 428 3992 illuminator
450 3928 613 4012 mserum,
854 3954 885 4018 s.
907 3949 1049 4036 Spiritus
1071 3953 1216 4017 sesenna>

232 4046 293 4110 per
307 4046 401 4108 quem
415 4029 457 4092 ad
465 4038 593 4132 patrem
606 4030 745 4098 omnium
760 4033 804 4098 20
908 4057 951 4122 ad
974 4057 1205 4122 consolandum
1226 4057 1324 4122 hodi,

229 4133 359 4196 Venitur
382 4140 415 4196 et
437 4133 479 4198 ad
501 4133 608 4202 filium·
908 4163 1065 4248 apostolis
1088 4163 1226 4229 donatur

177 4295 210 4359 3.
232 4291 321 4359 Fons
343 4294 483 4378 ingenii,
908 4275 942 4332 et
964 4257 1012 4332 eis
1033 4257 1181 4352 plenarie

233 4397 328 4462 dator
350 4397 476 4480 gaudii,
908 4370 982 4436 fons
1004 4391 1095 4436 verae
1117 4371 1286 4455 sapientie
1439 4373 1483 4440 50

231 4502 391 4568 medicina
413 4503 507 4585 ,stips
908 4491 970 4557 per
991 4475 1078 4540 hune
1103 4473 1352 4540 administratur.

233 4611 364 4693 spiritus
387 4610 520 4676 consilii.
731 4652 733 4656 -
762 4614 805 4680 25
909 4609 1018 4677 Corde
1041 4611 1248 4678 devotissimo

232 4712 376 4801 humile,
399 4717 514 4785 docilis
868 4795 870 4800 ¹
909 4717 1137 4790 benedicamus
1159 4715 1299 4786 domino.
