3282 5370
113 471 225 540 Dulcis
246 469 345 555 Jesu,
368 471 413 537 nil
435 471 576 556 dulcius,

110 577 158 641 nil
180 582 231 640 est
251 595 332 639 vere
349 573 542 658 jocundius,

112 697 209 764 quam
231 677 420 761 frequenter
441 675 631 761 revolvere,
699 677 740 740 35

112 801 227 868 poenas
249 789 322 845 tuas
344 799 549 864 percurrere.

112 887 224 952 mortis
246 893 312 949 tuae
335 883 489 948 memoria

113 989 280 1073 pigmenta
301 986 402 1049 vincit
426 984 546 1070 omnia,

115 1087 280 1172 myrrham
303 1094 336 1150 et
358 1085 447 1166 thus,
471 1085 719 1168 cinnamomum,

117 1192 261 1274 nardum,
278 1207 408 1256 crocum
424 1189 655 1254 etbalsamum.
699 1191 740 1254 tc

114 1375 225 1442 Dulcis
247 1375 343 1454 Jesu,
366 1371 443 1456 quid
465 1372 619 1438 ieceras?

114 1497 280 1560 nunquam
302 1495 428 1542 crucem
450 1495 633 1560 merueras,

118 1579 206 1664 quod
228 1589 262 1645 tu
280 1581 358 1662 luiS,
379 1599 440 1644 nos
462 1579 612 1662 fecimus,

118 1686 205 1770 quod
226 1694 260 1749 tu
283 1685 382 1766 bibis,
406 1701 466 1749 nos
488 1685 680 1748 meruimus:

115 1810 176 1856 nos
200 1811 242 1854 ex
263 1787 372 1855 Adam
395 1789 592 1873 propagine,
699 1789 740 1852 45

115 1905 152 1960 tu
174 1904 207 1960 te
228 1895 346 1978 pudica
369 1894 511 1976 virgine.

115 2007 188 2063 ortu
212 2005 336 2062 reatum
359 1996 529 2078 traximuS,

116 2109 189 2164 ortu
210 2117 323 2164 manes
345 2097 542 2179 purissimus.

115 2279 225 2345 Dulcis
248 2278 344 2360 Jesu,
368 2276 454 2360 quod
475 2277 612 2362 pateris,

116 2389 216 2446 totum
239 2381 299 2444 fuit
319 2395 382 2462 pro
404 2378 544 2459 miseris,
701 2377 741 2440 50

117 2501 198 2566 quos
219 2481 253 2545 in
275 2480 405 2564 tyranni
428 2497 561 2544 carcere

114 2603 231 2668 poenas
253 2582 390 2646 videbas
412 2581 511 2644 luere.

114 2696 149 2752 te
172 2704 239 2750 non
260 2705 366 2769 poenae
388 2685 584 2766 necessitas,

115 2789 178 2853 sed
200 2790 375 2871 gratiarum
397 2789 534 2870 largitas

117 2894 197 2958 fecit
218 2893 287 2976 pati
307 2893 504 2977 patibulum,
701 2893 742 2954 55

117 3007 251 3082 gustare
273 2998 385 3062 mortis
407 2997 567 3082 poculum.

116 3178 228 3245 Dulcis
249 3177 346 3262 Jesu,
369 3179 440 3260 quis
465 3178 588 3242 referet

116 3283 217 3366 digno
242 3284 344 3366 stylo,
368 3284 438 3365 quis
460 3289 587 3346 reseret

117 3388 200 3452 tanti
219 3387 296 3452 boni
314 3385 527 3468 dnlcedinem,

118 3490 208 3574 quod
229 3489 266 3554 fit
286 3509 348 3574 per
369 3509 466 3552 unum
488 3487 673 3553 hominem?
702 3489 743 3553 60

117 3594 225 3658 nuilus
246 3593 335 3675 loqui
358 3589 538 3674 sufficeret,

117 3715 182 3763 nec
202 3715 293 3761 mens
315 3697 454 3760 humana
477 3695 630 3778 disseret,

120 3821 215 3884 quam
237 3802 278 3865 sit
299 3802 395 3885 pium,
419 3801 505 3884 quod
526 3803 657 3884 toleras,

120 3904 178 3986 qui
198 3911 333 3968 mortem
355 3912 459 3968 morte
482 3923 627 3987 superas.

1354 287 1424 354 119

793 469 904 537 Dulcis
927 469 1025 552 Jesu,
1047 489 1098 536 me
1121 472 1267 558 respice,
1377 477 1420 542 65

793 581 903 638 votum
925 575 974 638 rei
996 591 1061 638 non
1084 572 1234 660 despice,

794 677 847 760 qui
870 685 956 744 totus
980 697 1015 742 es
1038 679 1142 762 poenis
1165 679 1276 746 datus:

793 783 896 848 clavis
918 801 1049 868 manus,
1071 783 1172 867 plagt
1194 785 1279 850 latus

793 883 888 950 foedis
911 887 1014 970 sputis
1037 895 1086 951 est
1107 887 1236 972 illitum,

793 985 894 1070 spinis
918 995 1016 1070 caput
1038 997 1088 1052 est
1111 989 1262 1072 obsitum,
1377 993 1420 1062 tc

793 1091 900 1154 vultus
924 1089 1027 1160 dulcis
1050 1092 1252 1176 conspuitur,

794 1193 912 1258 collum
936 1195 1084 1278 colaphis
1107 1195 1251 1261 caeditur.

792 1371 904 1438 Dulcis
926 1372 1023 1455 Jesu,
1046 1371 1161 1438 doctor
1183 1375 1253 1458 pie,

793 1483 923 1539 sanetur
946 1474 1068 1556 liquor,
1094 1493 1149 1538 ros
1172 1479 1288 1560 gratiae

792 1576 884 1640 fluxit
907 1577 948 1640 de
970 1585 1026 1642 tuo
1049 1579 1169 1664 latere,
1376 1585 1419 1652 tt

792 1679 885 1746 fluxit
908 1681 948 1745 de
973 1691 1028 1748 tuo
1051 1685 1202 1770 vulnere,

793 1785 990 1851 remissionis
1012 1789 1169 1872 pretium,

792 1889 982 1954 salvationis
1003 1895 1173 1976 praemium

793 1992 885 2057 fluxit
908 1993 949 2058 de
972 1997 1034 2058 tuis
1057 1999 1218 2082 manibus,

792 2095 886 2161 fluxit
908 2097 949 2180 de
972 2101 1034 2164 tuis
1056 2102 1202 2185 pedibus.
1377 2107 1421 2174 80

793 2271 904 2338 Dulcis
926 2274 1024 2358 Jesu,
1048 2279 1101 2358 qui
1124 2277 1289 2363 proditus,

795 2378 849 2458 qui
872 2383 994 2442 tractus
1017 2397 1068 2462 es,
1093 2382 1147 2462 qui
1170 2383 1332 2466 venditus,

794 2481 849 2562 qui
870 2501 930 2564 per
953 2482 1043 2548 zelus
1066 2485 1173 2566 gentis
1195 2487 1294 2550 trucis

794 2600 830 2646 es
853 2581 970 2646 affixus
993 2583 1082 2666 ligno
1106 2587 1225 2650 crucis:

794 2685 849 2768 qui
871 2687 1060 2750 vulneratus
1082 2690 1232 2773 cuspide,
1377 2697 1421 2762 8⁵

794 2790 849 2870 qui
871 2791 1000 2855 clausus
1023 2810 1060 2856 es
1083 2797 1141 2860 sub
1164 2795 1290 2881 lapide,

795 2892 849 2973 qui
871 2893 976 2958 victor
999 2895 1069 2959 adis
1092 2898 1233 2983 aethera,

794 2996 924 3060 salvare
947 3016 1006 3062 nos
1030 3001 1189 3066 accelera.

794 3173 905 3238 Dulcis
927 3174 1023 3259 desu,
1045 3198 1185 3262 parcens
1207 3201 1281 3268 reo,

794 3279 879 3342 inser
896 3279 996 3362 jubar
1019 3283 1109 3346 cordi
1131 3303 1220 3370 meo,
1377 3292 1420 3356 90

796 3383 850 3465 qui
871 3403 922 3446 me
945 3403 1060 3449 cruore
1083 3405 1180 3452 roseo

794 3487 895 3550 lotum
918 3489 1082 3555 redemisti
1105 3492 1176 3558 deo.

797 3588 909 3654 Virtus
931 3593 1032 3674 patri,
1055 3594 1126 3658 laus
1148 3596 1276 3677 genito,

797 3703 911 3757 sancto
934 3695 1033 3760 decus
1055 3699 1230 3780 paraclito,

798 3798 839 3860 sit
861 3799 939 3861 solis
961 3800 1063 3863 tribus
1086 3801 1193 3882 gloria
1379 3802 1422 3866 95

797 3920 858 3984 per
877 3903 966 3966 secla
987 3909 1083 3966 metae
1105 3903 1224 3968 nescia.

207 4125 397 4181 Reichenauer
420 4127 466 4182 Hs.
494 4127 547 4182 No.
564 4128 607 4181 36.
634 4126 677 4183 Bl.
695 4126 754 4179 165.
782 4121 1002 4177 iiberschrieben
1025 4124 1136 4180 dubilus
1158 4125 1184 4180 b.
1203 4127 1360 4184 Bernhardi
1387 4128 1423 4184 de

117 4228 194 4283 pass.
213 4219 264 4268 etc.
299 4213 385 4269 Einen
399 4216 509 4287 jubilus
528 4215 603 4270 kann
626 4231 691 4270 man
715 4213 785 4267 aber
809 4212 859 4266 das
878 4211 994 4267 Gedicht
1012 4213 1072 4268 wol
1090 4215 1167 4270 nieht
1184 4215 1304 4272 heissen.
1339 4216 1425 4273 steht

116 4300 196 4355 nicht
214 4301 243 4356 iu
261 4302 313 4356 den
331 4303 459 4358 Werken
478 4305 527 4359 des
545 4304 571 4358 ln
590 4302 761 4373 Bernhards,
777 4303 856 4355 wire
874 4300 944 4356 aber
962 4301 1055 4358 seiuer
1072 4303 1191 4376 wiirdig.

209 4451 251 4520 13,
270 4452 304 4504 1u
322 4450 384 4504 sind
401 4453 473 4506 nach
491 4451 553 4506 dem
570 4449 649 4507 Reim
666 4451 724 4506 und
740 4450 887 4504 Versmass
905 4449 1051 4504 vielleicht
1069 4467 1102 4505 so
1120 4451 1321 4505 hernustelleu:
1341 4451 1424 4524 cujus

119 4552 189 4593 caro
207 4543 252 4592 est
269 4536 420 4608 ferculum,
453 4544 483 4594 et
500 4540 616 4610 sanguis
634 4554 723 4593 meum
740 4536 878 4608 poculum.
913 4537 948 4618 28
966 4553 1100 4608 passurus
1118 4538 1179 4607 Hs,
1206 4554 1268 4592 was
1287 4538 1430 4608 gedudert'

118 4625 234 4680 werden
258 4631 370 4681 musste.
404 4626 481 4682 Aber
508 4629 580 4682 auch
606 4623 655 4681 fiir
679 4625 776 4696 sunere
800 4625 898 4680 stiinde
921 4625 1020 4680 besses
1044 4641 1163 4696 corpore.
1213 4625 1248 4679 dd
1267 4623 1354 4680 bleibt
1370 4641 1424 4682 nos

118 4712 227 4783 stenen,
247 4730 280 4772 so
297 4713 336 4770 ist
352 4715 503 4802 meruimus
521 4713 680 4786 dreisylbig
697 4730 733 4770 nu
749 4713 835 4770 lesen.
869 4714 903 4770 53
921 4729 1013 4785 prenae
1031 4710 1104 4770 fehlt
1120 4713 1150 4768 in
1170 4711 1220 4768 der
1237 4711 1283 4770 Hs
1312 4715 1346 4770 55
1363 4715 1428 4788 pati
