3282 5370
203 297 269 361 1⁷0

238 478 269 532 ln
286 482 329 544 te,
347 475 429 530 dulce
446 478 559 546 pectus,
578 474 650 530 latet
916 475 1018 530 Pectus
1036 472 1103 528 nihi
1121 473 1157 528 da
1175 472 1322 541 devotum,

240 569 325 633 atque
342 563 471 635 gratiose
491 567 570 632 patet
917 562 991 633 quod
1009 562 1047 617 sit
1060 562 1147 634 juxta,
1162 566 1239 616 tunm
1255 565 1367 628 rotun,

238 648 370 704 dulcosus
388 645 453 702 sous
472 646 590 715 amoris,
790 697 792 704 ,
918 651 1089 720 compatiens
1112 655 1141 704 et
1158 649 1261 706 humile

239 753 295 807 quo
314 735 437 790 delectat
455 733 560 788 cunctis
578 732 658 788 horis
917 741 946 791 et
959 739 1034 810 jugo
1053 737 1098 790 dei
1115 737 1209 792 habile

273 825 380 880 animas
398 828 427 878 te
445 823 603 894 diligentes.
951 821 980 875 iu
999 821 1125 877 omnibus
1143 821 1324 892 temporibus.

238 946 280 1000 'l'u
297 943 455 999 sanctitatis
473 941 618 1009 scrinium,
651 963 655 968 ’
915 943 999 1012 llele,
1018 944 1137 1012 Christe,
1157 943 1232 1014 qued
1250 943 1368 1014 peccavi

239 1047 290 1087 cor
308 1036 407 1102 tegens
426 1029 591 1096 amantium,
916 1034 990 1084 otte
1009 1031 1111 1100 saepius
1135 1031 1257 1102 meravi

237 1122 336 1188 pectus
353 1117 464 1186 plenum
482 1114 635 1169 virtutibus
916 1133 968 1188 per
986 1121 1131 1174 commoda
1148 1117 1290 1190 superduc

239 1203 319 1274 reple
338 1203 426 1258 sacris
445 1199 593 1257 affectibus
918 1208 948 1256 et
964 1203 1049 1258 nimia
1066 1205 1171 1264 solatia

272 1289 413 1344 orantium
429 1285 465 1342 ad
483 1292 511 1341 te
529 1291 644 1340 mentes.
789 1351 795 1362 1
833 1341 837 1358 ,
950 1292 1102 1361 quaerendo
1121 1291 1291 1362 corporalia

238 1411 349 1479 Pectus,
367 1425 451 1480 poeua
469 1413 497 1463 te
516 1405 662 1479 gravavit,
918 1409 1044 1480 Christe,
1062 1415 1125 1466 tuas
1143 1427 1194 1481 per
1212 1411 1350 1466 mamillas
1453 1427 1456 1436 ’

240 1497 369 1555 Christus
389 1511 499 1549 crucem
518 1510 579 1548 cum
597 1491 741 1562 portavit,
916 1500 1050 1570 mysticas
1068 1505 1098 1555 tu
1118 1499 1265 1556 refocillas

240 1585 335 1656 plagis
353 1580 532 1654 flagellorum
550 1587 669 1650 tactum,
865 1609 873 1620 ·
916 1585 1002 1640 laesos
1020 1585 1048 1638 iu
1067 1581 1238 1655 afflictione,

239 1671 434 1738 vulneratum,
453 1675 545 1724 atrum
562 1667 689 1724 factum¹
906 1688 1015 1727 recrea
1032 1689 1076 1726 me
1093 1673 1163 1728 lesu
1180 1673 1262 1728 boue.

273 1774 303 1812 es
321 1773 375 1827 pro
392 1756 500 1812 nostris
517 1756 689 1814 excessibus.
955 1776 1006 1831 per
1025 1761 1128 1830 pocula
1146 1761 1295 1816 ecclesiia.-

295 1881 307 1917 ¹
325 1880 370 1936 die
387 1881 434 1936 ils,
451 1881 500 1935 hat
518 1884 592 1934 atre·
610 1879 679 1934 oder
697 1871 872 1934 aterfactum,

290 2054 339 2111 Ad
362 2052 500 2109 faciem.
537 2053 627 2109 llafiir
655 2035 730 2110 s'teht
754 2055 783 2110 iu
808 2056 858 2111 der
875 2056 922 2112 Hs.
946 2057 998 2112 der
1015 2057 1164 2113 Abschuitt
1188 2057 1224 2112 ad
1250 2073 1362 2126 manus,
1395 2057 1444 2111 der
1463 2072 1508 2111 arn

201 2142 336 2199 Schlusse
354 2141 430 2230 diese
448 2142 522 2198 uwel
540 2159 629 2212 neuen
647 2143 792 2214 Stropheu
810 2146 866 2200 hat

237 2265 389 2333 Consum,
407 2265 476 2319 lesu
491 2263 627 2336 benigue7
741 2277 742 2284 ¹
914 2268 971 2325 Fac
988 2283 1031 2326 me
1050 2267 1182 2336 expausis
1200 2267 1327 2322 manibus

235 2352 278 2406 tui
295 2351 399 2407 amoris
417 2351 484 2423 igne
672 2373 674 2380 ’
701 2395 704 2402 .
913 2359 942 2409 te
961 2369 1089 2424 quaerere
1107 2354 1136 2407 in
1154 2354 1306 2423 precibus,

236 2445 350 2496 cunctas
369 2441 479 2510 culpas,
498 2455 568 2511 quas
585 2455 637 2510 per
654 2444 755 2498 taetus
783 2473 788 2492 .·
913 2423 973 2494 ἰιιὶ2
992 2439 1180 2509 opera-utilia

236 2529 361 2586 commisi
379 2535 408 2585 et
424 2529 514 2585 mulos
533 2533 622 2598 actus,
742 2515 743 2518 ¹
770 2567 774 2574 .
914 2531 943 2580 et
966 2525 1041 2580 bona
1060 2523 1194 2578 exercitia

270 2633 321 2688 per
339 2622 473 2687 torpores
492 2621 521 2671 et
539 2616 605 2694 otia.
730 2669 735 2682 ,
913 2686 918 2694 Ι
949 2612 1045 2668 trahat
1061 2627 1105 2665 me
1124 2617 1173 2667 tua
1192 2609 1294 2683 gratia
1398 2647 1402 2661 ι

290 2741 355 2796 ²ad
373 2738 445 2796 fehlt
462 2734 492 2794 in
510 2739 559 2795 der
577 2739 624 2796 Hs.
722 2737 725 2746 ’

1104 2815 1118 2846 Γ

289 2914 340 2970 Ad
365 2915 538 2974 humeros.
581 2912 680 2968 Dieser
713 2927 802 2984 ganne
825 2910 975 2968 Abschnitt
1004 2908 1077 2965 fehlt
1110 2909 1139 2964 in
1170 2908 1223 2978 deu
1255 2907 1415 2979 Ausgabeo,
1467 2907 1509 2966 Er

200 3001 291 3058 lautet
309 3017 356 3056 so:
385 3039 388 3046 ,

238 3127 326 3183 Salve
343 3127 463 3182 blandus
482 3125 526 3179 dei
544 3143 652 3198 agnus,
759 3141 762 3148 ¹
915 3122 1056 3190 musculos
1075 3125 1104 3175 et
1117 3118 1270 3182 ¹enervavit

238 3213 322 3268 dolor
340 3217 404 3266 tuus
424 3215 486 3265 erat
502 3227 634 3282 maguus,
953 3206 1115 3278 asperrimis
1134 3203 1286 3261 doloribus.

238 3298 348 3370 quando
366 3299 396 3352 in
413 3299 469 3352 tuis
487 3299 609 3352 humeris
705 3333 708 3343 ‹
1202 3294 1210 3301 ’

237 3401 349 3440 crucem
367 3400 421 3454 pro
439 3384 521 3439 uobis
540 3377 650 3438 miseris

273 3469 411 3544 bajulasti
427 3469 576 3540 patienter.

915 3351 1046 3424 crucifixi
1066 3369 1127 3408 cum
1144 3352 1269 3406 videmus

914 3441 1035 3499 formam
1053 3442 1171 3510 Christi,
1191 3457 1240 3495 cur
1259 3456 1315 3495 uon
1330 3436 1436 3510 flemus,

916 3547 977 3585 cum
996 3531 1105 3602 signum
1124 3528 1282 3582 dilectionis

881 3647 889 3658 -
915 3622 953 3677 sit
970 3619 1052 3677 fletus
1071 3621 1295 3692 compassionis?

950 3710 1005 3764 hoc
1022 3709 1195 3765 revolvendo
1213 3720 1327 3763 moereo.

236 3592 294 3647 Fac
312 3592 415 3647 devote
431 3607 476 3646 mo
494 3595 611 3660 portare

237 3679 267 3734 in
285 3678 377 3734 anima
396 3677 501 3736 Christi
519 3693 585 3732 care
615 3713 618 3718 -

236 3782 316 3822 arma
333 3773 390 3822 tuse
407 3765 549 3836 passionis

238 3860 267 3910 et
285 3854 400 3910 dolores
419 3853 558 3921 laesionis,
915 3858 1042 3928 Diligens
1058 3839 1236 3911 'convincitur

272 3943 317 3996 his
334 3959 378 3997 me
396 3941 512 3996 vulnera
531 3938 701 4010 frequenter.
786 3931 789 3938 ’
914 3944 1018 4012 minus,
1038 3943 1159 4012 quinon
1177 3937 1346 4012 compatitur

914 4022 1027 4087 Christo
1046 4047 1080 4084 ex
1098 4021 1309 4098 uiribusltotis,

914 4116 969 4171 hoc
989 4116 1139 4184 explorare
1158 4113 1268 4169 devotis

949 4203 978 4257 in
997 4203 1115 4257 caritate
1134 4203 1231 4256 audeo.

237 4066 260 4122 0
279 4081 361 4136 quam
379 4064 500 4134 turpiter
518 4068 630 4118 erectus

237 4157 281 4208 est
299 4167 388 4222 agnus
408 4150 452 4203 dei
470 4150 590 4218 electus,

237 4239 352 4294 eductus
371 4238 451 4293 nimis
470 4241 634 4303 moerentes,

237 4325 339 4382 affixus
358 4326 434 4380 cruci
452 4324 597 4391 dolenter,

273 4418 451 4484 comparatus
469 4409 638 4464 latronibus.
915 4357 953 4410 Te
971 4361 1053 4426 P⁸t⁰²
1073 4371 1162 4427 agnus
1177 4360 1294 4426 &Tatlaee

902 4448 945 4498 ut
962 4449 1059 4513 portes
1078 4460 1130 4514 pro
1149 4460 1192 4498 mo
1210 4443 1295 4498 hodie

237 4538 411 4606 compagum
429 4533 576 4602 dissipatio
914 4529 1008 4585 omnia
1025 4545 1088 4583 mea
1106 4529 1238 4599 crimina,

237 4630 268 4678 et
285 4624 423 4676 viscerum
441 4621 587 4676 distractio
915 4619 963 4689 qui
980 4617 1134 4691 bajulans¹
1152 4617 1314 4689 peccamine

236 4711 349 4768 nimium
367 4716 395 4768 te
413 4709 565 4767 trucidavit
753 4749 757 4766 ,
949 4706 1034 4780 hujus
1052 4704 1145 4762 mundi
1164 4703 1286 4762 cottidie
1383 4765 1386 4772 Δ
