3282 5370
210 253 276 324 122

210 440 279 509 Sed
302 439 412 508 ethic
434 461 492 507 sua
514 442 630 508 concio

252 554 296 629 te,
318 545 403 630 proh
426 545 529 629 dolor,
551 546 660 628 irrisit,

208 651 242 716 in
265 651 342 715 alba
363 657 456 713 veste
478 648 595 713 Pontio

252 751 358 817 Pilato
382 759 414 816 te
436 751 568 814 remisit.

209 911 271 991 ori
293 911 421 994 quidem
442 908 616 974 multifarie

253 1023 286 1080 te
304 1017 375 1100 jam
397 1016 593 1080 examinavit

209 1120 379 1184 immunem
402 1127 435 1184 et
458 1141 478 1184 a
500 1120 589 1184 carie

252 1227 284 1285 te
308 1221 378 1285 fore
396 1221 626 1306 proclamavit,

207 1384 439 1450 Verumtamen
460 1382 652 1446 instantibus

250 1487 452 1570 nequissimis
475 1485 600 1550 Judaeis
713 1479 715 1486 '

208 1601 243 1657 te
265 1593 397 1656 multum
420 1592 647 1656 accusantibus

252 1697 388 1760 assentit
410 1693 462 1760 hic
486 1704 519 1760 et
542 1697 597 1760 eis.

206 1860 291 1926 Nam
312 1858 491 1924 Barrabam
512 1859 733 1940 redemerant,

254 1964 297 2028 ad
320 1971 458 2028 statuam
480 1963 637 2046 ligarunt,

817 443 837 504 5
891 442 1044 524 1110110111
1066 449 1164 526 caput
1186 443 1331 527 spineam

935 562 1088 610 coronam
1110 545 1338 629 imprimentes.

889 705 1093 773 Arundinem
1115 709 1148 772 in
1171 711 1317 774 manibus

933 810 1009 876 hinc
1033 812 1089 876 tibi
1112 813 1293 878 tribuerunt

890 920 923 976 et
944 913 1054 978 verbis
1077 932 1149 977 oum
1165 915 1342 979 minacibus

796 1017 835 1080 1o
931 1014 1069 1079 illudere
1092 1025 1269 1099 coeperunt.

1473 714 1517 776 ²⁵

887 1174 970 1240 Nam
987 1175 1128 1258 juvenes
1151 1193 1223 1239 eum
1246 1176 1376 1240 senibus

929 1279 1102 1344 furentium
1123 1286 1281 1343 tortorum
1471 1281 1514 1345 30

888 1384 1071 1450 clamabant
1092 1383 1186 1448 flexis
1208 1383 1361 1466 genibus:

932 1509 1020 1572 „ave
1043 1508 1103 1552 rex
1124 1483 1359 1554 111111101111111ιι

793 1590 834 1652 1⁵
888 1651 949 1740 Qui
972 1661 1069 1736 caput
1090 1653 1156 1717 heu
1178 1653 1366 1738 spiniferum

930 1755 1006 1819 hino
1028 1763 1115 1819 tuum
1137 1758 1353 1821 verberarunt

888 1859 1045 1922 arundine
1068 1859 1266 1923 mortiferum
1471 1863 1513 1927 35

931 1969 964 2024 et
985 1962 1082 2026 ictum
1104 1961 1312 2044 replicarunt.

208 2067 350 2150 flagellis
373 2085 491 2152 corpus
514 2066 682 2148 foderant,

253 2177 286 2234 te
310 2169 379 2232 dire
403 2170 611 2252 castigarunt.
792 2167 834 2230 20
886 2120 930 2190 Ut
953 2142 1049 2188 ⁰f¹¹⁰f
1072 2127 1112 2190 ab
1137 2126 1283 2190 immine

931 2229 1095 2312 spinarum
1118 2237 1285 2293 emanaret

886 2340 921 2398 ct
940 2333 1120 2398 rubicundo
1142 2329 1270 2396 flumine

929 2442 962 2500 te
985 2452 1120 2518 prorsus
1142 2435 1305 2518 irrigaret.
1470 2439 1512 2501 40

206 2331 286 2399 Post
309 2334 512 2418 chlamydem
532 2301 720 2398 ¹coccineam

250 2444 283 2502 te
307 2455 406 2521 super
428 2437 605 2500 vestientes
726 2474 728 2482 ι

294 2621 522 2676 17namet11s.
559 2622 593 2676 18
611 2618 685 2676 fehlt
703 2624 733 2674 tc.
769 2622 805 2694 22
824 2619 881 2676 soll
898 2619 1135 2675 wahrscheinlich
1154 2621 1251 2675 stehen
1266 2621 1415 2694 jacientes.
1512 2621 1515 2627 ’

709 2923 769 2996 96.
793 2925 843 2995 ad
861 2925 1006 2996 tertium.

203 3127 262 3199 Ad
285 3130 414 3194 tertiam
436 3130 649 3212 nequissimus

248 3235 289 3298 ab
313 3234 464 3315 aequitate
486 3233 607 3297 cedens

200 3335 345 3418 Pilatus,
369 3337 587 3400 atrocissimus

246 3458 309 3526 pro
331 3441 484 3506 tribunali
506 3442 624 3505 sedens

200 3605 347 3688 Iniquam
368 3625 428 3688 per
451 3607 641 3670 sententiam

244 3717 278 3774 te
300 3710 382 3774 mori
400 3709 576 3793 judicavit,

201 3814 256 3895 qui
279 3820 366 3875 tuam
388 3813 604 3879 innocentiam

244 3913 364 4000 injuste
383 3915 618 3980 condemnavit.

199 4073 324 4143 Amicis
347 4078 410 4142 tuis
433 4078 583 4143 flentibus

240 4180 394 4264 judicium
418 4191 484 4247 tam
508 4183 622 4246 durum

200 4290 351 4368 tuumque
376 4287 647 4369 deplangentibus

243 4390 435 4472 supplicium
457 4389 607 4454 futurum.

197 4549 282 4618 Hinc
305 4551 401 4614 saevis
425 4550 631 4618 carnificibus

241 4653 328 4718 fuisti
351 4653 542 4740 derelictus⁷

883 3149 904 3193 a
927 3129 1042 3212 quibus
1065 3128 1294 3210 multiplicibus
1470 3130 1510 3193 15

927 3251 963 3296 es
982 3230 1126 3295 cladibus
1146 3229 1284 3294 afflictus
1290 3251 1300 3312 ;

883 3393 944 3472 Qui
967 3411 1096 3457 crucem
1118 3392 1182 3455 tuis
1204 3392 1346 3456 humeris

925 3497 1110 3580 gerendam·
1125 3503 1202 3560 tunc
1223 3495 1389 3580 viderunt,

808 3611 827 3670 5
882 3603 1036 3667 conviciis
1057 3579 1231 3664 innumeris

926 3713 958 3769 te
981 3699 1117 3787 quidem
1132 3705 1328 3788 affecerunt3
1465 3706 1509 3770 20

880 3868 964 3934 Nam
987 3869 1123 3950 geminis
1146 3868 1355 3952 praedonibus

923 3973 1012 4035 fuisti
1035 3973 1194 4054 sociatus,

879 4075 1062 4160 praesertim
1086 4093 1157 4138 cum
1178 4075 1356 4139 latronibus

786 4184 826 4246 10
923 4177 1038 4261 iniquis
1060 4185 1236 4264 reputatus.

879 4341 926 4405 'l'e
949 4344 1145 4424 sequebatur
1167 4340 1311 4404 flentium
1463 4341 1505 4407 25

921 4455 1055 4514 caterva
1078 4453 1296 4510 matronarum

877 4558 911 4616 et
933 4559 1020 4617 tuum
1043 4552 1307 4636 deplangentium

921 4655 1066 4722 dolorem
1089 4664 1156 4722 tam
1178 4677 1329 4723 amarum.
