3280 5358
226 471 304 528 nato
326 464 424 528 nobis·
441 463 580 546 parvulo
832 468 853 530 5
907 463 934 530 0
956 475 1109 550 pastores
1130 465 1266 550 currite,

270 583 312 630 ex
333 565 461 648 virgine
483 565 598 632 illaria.
906 589 1042 652 gregem
1065 579 1209 636 vestrum
1226 571 1337 656 sinite,

329 747 336 762 ι
906 672 1001 736 deum
1023 692 1137 738 verum
1159 677 1291 740 cernite.
1337 695 1409 744 cunr
1431 677 1515 762 virg.

225 743 305 814 Flos
327 767 360 810 1n
383 765 442 812 suo
466 747 571 812 rivulo

225 851 370 917 nascitur
390 867 452 936 pro
475 852 615 937 populo,
906 835 992 901 Puer
1015 835 1269 921 circumciditur,
1492 843 1537 906 25

224 948 332 1020 fracto
353 953 464 1018 mortis
486 953 624 1020 vinculo.
670 973 712 1017 ex
733 953 818 1038 virg.
908 939 1039 1022 Sanglliss
1062 940 1134 1024 ⁰l¹¹⁸
1156 941 1315 1026 funditur,

906 1061 1022 1111 nomen
1044 1043 1158 1110 Ihesns
1181 1047 1319 1130 ponitur.
1364 1066 1384 1112 a
1405 1046 1489 1130 virg.

225 1127 331 1196 Stella
353 1132 455 1196 solem
477 1131 622 1216 protulit,
812 1131 853 1196 10

225 1232 277 1296 sol
298 1231 434 1296 salutem
457 1233 609 1314 contulit,
906 1205 1017 1291 Reges
1039 1217 1107 1274 tres
1130 1209 1171 1274 de
1195 1211 1345 1293 gentibus

224 1334 323 1400 nichil
345 1342 453 1400 tamen
476 1335 624 1458 abstulit.
661 1354 704 1400 ex
726 1335 809 1418 virg.
906 1319 1044 1483 32:¹¹„ss
1056 1316 1406 1504 ἔᾚῑθᾚῗῗω
1419 1441 1442 1484 v
1488 1422 1532 1486 30

224 1524 252 1589 t)
275 1529 373 1592 beata
395 1527 529 1609 femina,

224 1629 318 1712 cujus
340 1630 463 1693 ventris
487 1629 615 1694 sarcina

224 1733 336 1799 mundi
357 1735 447 1799 levat
471 1735 610 1800 crimina.
640 1753 682 1797 ex
703 1733 785 1818 virg.
811 1733 852 1796 15

842 1655 845 1660 ¹
905 1576 965 1646 Die
988 1580 1051 1649 hac
1073 1583 1275 1650 sanctissima

906 1687 1053 1752 omnibns
1074 1688 1259 1770 gratissima

905 1789 1003 1875 plena
1025 1791 1120 1857 datur
1141 1794 1257 1876 gratia.
1302 1813 1344 1858 ex
1366 1795 1448 1880 virg.

226 1923 361 2011 Virgine
384 1929 425 1994 ‘10
444 1931 546 2013 regia,
879 1981 882 1988 ’
904 1951 957 2018 Ex
979 1943 1089 2018 divino
1110 1954 1255 2038 flamine,

225 2033 338 2096 summi
359 2034 448 2116 regis
471 2033 553 2115 filias
757 2085 760 2092 ·
904 2074 970 2120 uon
991 2056 1130 2122 humano
1153 2061 1274 2124 semine
1489 2063 1533 2126 35

224 2133 325 2218 plena
346 2134 441 2199 datus
464 2136 578 2218 gralla-
624 2155 666 2198 0⁸
683 2135 766 2218 ΨΒ·
906 2161 987 2226 deus
1010 2162 1104 2227 datur
1126 2163 1263 2228 teminae.
1308 2165 1341 2228 in
1364 2165 1446 2248 virg.

225 2319 263 2390 ln
284 2341 435 2408 praesepe
458 2326 588 2408 ponitur
904 2326 956 2394 Illi
978 2328 1049 2392 laus
1072 2336 1105 2392 et
1126 2329 1247 2411 gloria,

224 2433 259 2491 et
281 2447 301 2491 a
323 2429 425 2493 brutis
450 2430 610 2512 noscitur,
782 2427 852 2491 ’20
905 2429 1004 2494 decus
1028 2437 1061 2493 et
1082 2431 1234 2512 victoria,

223 2534 334 2599 matris
357 2536 433 2600 velo
455 2536 584 2618 tegitur.
630 2533 755 2615 avirg.
904 2531 1023 2614 honor,
1052 2533 1169 2615 virtus,
1192 2531 1307 2616 gratia.
1353 2552 1422 2598 cunr
1446 2535 1532 2618 virg.

311 2719 359 2775 Hs.
378 2720 428 2774 der
445 2717 687 2774 Stadtbibliotlrek
704 2735 739 2774 nu
757 2719 852 2787 Trier,
871 2719 922 2774 No.
941 2722 1000 2773 724.
1018 2720 1068 2774 rnit
1087 2721 1137 2774 der
1156 2719 1290 2787 Melodio‚
1310 2721 1343 2774 15
1362 2719 1460 2774 Jahrh.
1622 2677 1623 2714 i

316 2843 351 2894 15
369 2841 461 2909 lavat,
480 2842 541 2909 Hs,
560 2855 622 2895 was
640 2841 711 2895 aber
729 2857 764 2894 zu
782 2841 893 2894 sarcina
911 2840 988 2895 nicht
1005 2844 1092 2910 passt.
1127 2841 1162 2893 26
1180 2838 1293 2910 luditur,
1312 2841 1358 2898 lis

314 2927 365 2982 llio
386 2927 599 3001 jungfriiulicho
624 2929 729 2986 Geburt
753 2928 860 2985 Christi
887 2928 961 2983 vird
987 2929 1015 2982 in
1043 2929 1147 2983 diesem
1173 2928 1257 2984 Ltede
1274 2928 1534 3000 lorvorgelroben,

224 3016 312 3072 daher
331 3016 381 3070 der
399 3016 551 3072 Rundreim
569 3023 639 3072 stets
658 3015 711 3072 auf
725 3016 815 3074 illaria
833 3017 902 3088 geht
919 3015 975 3070 und
994 3016 1081 3070 durch
1098 3016 1298 3070 verschiedenc
1311 3015 1533 3088 Priipositionen

224 3104 275 3160 mit
293 3104 356 3159 dem
374 3105 462 3159 Texte
480 3106 643 3160 verbunden
661 3105 706 3160 ist.

315 3227 348 3282 V.
367 3230 390 3281 1.
426 3228 456 3283 ln
479 3229 568 3284 verbo
586 3228 758 3298 inviolabili,
783 3244 840 3283 non
859 3234 992 3299 separato
1010 3244 1028 3282 a
1046 3243 1130 3283 carne
1148 3229 1289 3299 passibili,
1317 3230 1461 3300 particeps
1480 3247 1535 3302 per

225 3315 321 3370 omnia
338 3315 516 3386 intelligatur
534 3323 563 3372 et
581 3318 671 3373 deitas
690 3317 783 3372 carnis
802 3311 831 3371 et
850 3309 922 3371 caro'
936 3315 1055 3372 deitatis.
1082 3317 1159 3373 Loca
1177 3331 1210 3370 m.
1228 3331 1308 3370 serm.
1326 3317 1369 3385 to,
1387 3320 1411 3371 2.

313 3405 346 3458 V.
364 3407 387 3459 6.
415 3405 542 3462 Christus
560 3413 642 3462 natus
661 3424 696 3462 ex
713 3407 826 3478 virgine
844 3407 1014 3462 violatorem
1032 3405 1158 3462 humanm
1172 3404 1338 3475 propaginis
1356 3405 1535 3476 (diabolum)

229 3491 394 3562 incorrupta
412 3493 560 3550 nativitate
579 3495 728 3549 damnavit.
763 3495 893 3550 Ledam.
912 3509 992 3549 serm.
1010 3497 1053 3564 22,
1072 3499 1095 3548 1.

311 3579 343 3634 V.
364 3582 405 3634 16.
424 3583 464 3635 17.
491 3583 578 3652 regia.
611 3584 654 3638 Da
672 3583 764 3637 dieser
782 3583 888 3637 Nomen
907 3581 951 3638 oft
969 3583 1130 3638 vorkommt
1148 3580 1242 3635 rowol
1259 3595 1361 3651 wegen
1378 3580 1458 3636 ihrer
1474 3582 1535 3638 Ab·

223 3672 382 3739 stammung
401 3667 445 3723 als
464 3669 536 3724 anch
555 3669 632 3728 ihrer
646 3669 828 3741 Verbindnng
845 3670 896 3724 mit
914 3671 1053 3738 Christus,
1071 3687 1104 3724 so
1122 3668 1185 3724 will
1202 3668 1248 3721 ich
1262 3668 1324 3722 eine
1338 3666 1534 3724 ausliilrrliche

223 3754 313 3811 stelle
332 3773 382 3810 zur
399 3757 561 3828 Erkliirung
579 3758 734 3812 hersctzen.
770 3758 919 3831 βασίλισσα
937 3760 1063 3828 πέφυκας
1090 3757 1136 3812 τὸν
1156 3757 1269 3829 βασιλέα
1294 3753 1386 3830 κύριον
1404 3755 1533 3825 τεκοῦσα,

222 3841 269 3898 τὸν
287 3841 453 3900 διαλύσαντα
464 3843 560 3902 Ἅιδου
578 3844 611 3899 τὰ
630 3845 762 3917 βασίλεια,
780 3841 811 3900 ὃν
830 3842 952 3900 διασώσει
966 3843 1013 3914 τῆς
1033 3841 1088 3898 ἄνω
1102 3844 1242 3917 βασιλείας
1260 3839 1384 3906 ἅπαντας
1402 3841 1533 3910 ἀξιώσαι.

221 3930 276 3986 Jul
294 3935 335 3986 27.

312 4020 344 4073 V.
362 4023 404 4074 35.
436 4021 509 4073 Deus
529 4019 583 4074 sibi
601 4020 739 4074 hominem
757 4019 816 4072 sine
836 4019 940 4072 semine
960 4022 1093 4088 operatus
1112 4024 1169 4086 est,
1202 4019 1249 4088 qni
1268 4017 1296 4072 in
1315 4034 1408 4073 rerum
1426 4027 1531 4076 natura

220 4108 280 4166 sine
301 4110 452 4165 seminibus
472 4116 606 4178 operatur
625 4117 653 4164 et
672 4109 785 4164 semina.
821 4109 956 4178 Augustini
974 4107 1054 4178 epist.
1073 4110 1132 4174 137,
1153 4107 1193 4159 10.
1326 4115 1328 4120 '

515 4413 575 4486 51.
616 4414 673 4485 De
696 4416 872 4491 nativitate
896 4411 1037 4484 domini.
1076 4409 1236 4510 hymnus.

218 4597 382 4684 Apparuit
407 4601 589 4682 benignitas
899 4620 941 4663 ex
963 4599 1098 4663 caritate
1120 4597 1217 4662 nimia

218 4701 272 4770 dei
293 4721 354 4769 nec
376 4721 441 4770 non
463 4702 642 4770 humanitas
898 4701 941 4770 ad
963 4720 1022 4768 nos
1046 4709 1142 4786 atque
1165 4699 1314 4784 gratuita.
