3316 5358
131 507 209 574 Dies
231 509 301 592 illa,
325 509 395 574 dies
417 510 511 592 vitae,

132 610 201 676 dies
225 611 305 676 lueis
328 611 492 694 inauditae,

131 720 165 778 et
186 730 273 777 mors
295 713 369 796 ipsa
390 715 559 796 morietur,

131 834 194 898 qna
216 834 283 881 nox
305 816 406 880 omnis
430 816 623 882 destruetur.

129 1003 218 1072 11555
240 1025 300 1070 rex
323 1004 527 1070 dessideratu
715 1003 756 1066 25

130 1115 164 1172 et
186 1127 206 1170 a
224 1107 321 1189 justis
345 1113 554 1189 exspectatus

126 1211 197 1295 jam
219 1211 351 1275 festinat
374 1218 543 1292 exoratus,

130 1314 173 1378 ad
195 1315 385 1380 salvandum
410 1319 626 1398 praeparatus.

129 1503 204 1571 Jam
227 1504 360 1568 festinat
381 1523 441 1568 rex
464 1501 621 1584 eoelestis,

124 1607 230 1690 judex
251 1615 363 1673 noster
386 1617 482 1689 atque
505 1607 607 1687 testis,
714 1603 756 1668 30

129 1711 320 1774 festinanter
344 1709 533 1793 apparebit,

129 1813 232 1878 omnis
256 1830 333 1878 earo
357 1831 452 1894 quem
475 1810 607 1875 videbit.

126 1999 314 2085 Apparebit
336 2017 397 2064 neo
421 1998 581 2077 tardabit,

128 2105 239 2166 veniet
262 2121 302 2166 ao
327 2099 561 2162 demonstrabit

127 2206 275 2288 gloriam,
302 2223 397 2286 quam
419 2201 659 2286 praestolautur,
714 2201 755 2265 35

129 2309 185 2392 qui
206 2325 268 2392 pro
290 2305 356 2371 fide
379 2305 582 2371 tribulantur.

128 2494 156 2562 0
180 2516 275 2579 quam
297 2495 394 2580 pium,
419 2513 439 2560 o
463 2513 556 2577 quam
579 2502 717 2579 gratnm,

127 2619 224 2684 quam
247 2617 361 2680 suave,
386 2600 633 2680 quambeatum

126 2704 190 2768 erit
212 2710 288 2768 tuno
310 2702 445 2768 dhesum
467 2701 580 2766 videre

126 2804 188 2887 his,
213 2805 268 2887 qui
290 2824 362 2868 eum
387 2804 548 2868 dilexere!
712 2806 754 2870 40

127 2991 218 3058 Tune
240 2992 360 3058 Jhesus
385 2992 488 3057 duleis
510 2994 630 3059 affeetu
704 2993 709 2999 ’

126 3103 161 3160 et
184 3095 339 3161 mirabilis
363 3103 498 3179 aspeotu

124 3201 174 3266 sio
196 3200 348 3281 loquetur
370 3200 403 3263 in
425 3199 544 3266 effeotu

126 3305 228 3368 omnis
248 3305 359 3368 'earnis
382 3303 414 3367 in
438 3311 630 3388 conspeetu:

126 3510 217 3595 „Vos
239 3511 272 3574 iu
294 3530 345 3574 me
370 3509 424 3592 qui
447 3511 628 3576 eredidistis
682 3555 684 3560 ,
710 3513 752 3576 45

123 3623 158 3681 et
181 3615 235 3697 qui
258 3633 382 3679 meeum
404 3615 645 3697 permansistis,

124 3718 180 3801 qui
201 3736 263 3802 pro
285 3737 336 3781 me
358 3718 448 3801 passi
470 3718 589 3796 fuistis,

123 3840 203 3888 eooe
225 3824 357 3903 bonum,
380 3821 467 3903 quod
490 3822 665 3906 quaesistis,

120 4029 211 4097 ane
234 4051 382 4114 regnum,
406 4032 493 4114 quod
515 4031 678 4116 spopondi

814 507 922 590 [Tune
945 509 1040 574 electi
1058 509 1258 576 mirabuntur

812 620 846 676 et
867 613 1020 676 mirantes
1043 611 1255 696 laetabuntur,

811 712 993 778 exultantes
1016 713 1260 798 respondebunt
1395 717 1439 780 55

811 821 845 880 et
866 813 1057 898 laudabunt,
1080 832 1153 896 quae
1176 815 1349 884 videbunt:

812 999 902 1083 „Deo
925 1003 1049 1085 gratias
1072 1023 1222 1088 agamus,

811 1103 986 1186 oernimus,
1010 1103 1098 1186 qnod
1120 1109 1348 1194 sperabamus,

811 1205 874 1270 deo
897 1207 1020 1289 gratias
1043 1227 1177 1291 agamus

811 1315 844 1372 et
867 1307 1029 1374 Christum
1048 1309 1324 1396 benedicamus.“]
1393 1314 1435 1382 60

810 1495 837 1560 0
861 1517 956 1580 quam
978 1499 1088 1583 duloe,
1112 1521 1207 1584 quam
1226 1503 1404 1588 jmundmn

811 1600 873 1664 erit
895 1608 983 1683 tuno,
1007 1603 1115 1668 odisse
1138 1606 1306 1690 mundum,

811 1709 844 1765 et
867 1721 962 1785 quam
984 1703 1089 1786 triste,
1114 1725 1208 1788 quam
1230 1727 1392 1793 amarum,

810 1804 963 1870 mundum
985 1805 1138 1872 habuisse
1162 1828 1280 1876 aarum.

809 1995 835 2060 0
858 1997 946 2062 beati
968 2005 1044 2063 tuno
1065 1999 1215 2081 lugentes
1357 2059 1360 2070 .
1395 2005 1436 2068 05

809 2106 843 2160 et
865 2117 930 2182 pro,
950 2100 1080 2178 Christo
1102 2106 1280 2190 patientes,

809 2200 924 2292 quibus
948 2206 1060 2268 saeouli
1082 2225 1237 2286 pressura

808 2321 913 2386 regna
934 2303 992 2368 dat
1016 2324 1146 2388 semper
1168 2327 1327 2376 mansura.

808 2492 1243 2577 mmmmms

808 2617 915 2680 nequo
937 2599 1042 2665 luotus
1064 2621 1169 2686 neque
1191 2603 1303 2689 flotus,
1394 2611 1436 2674 70

809 2718 874 2765 non
897 2711 1029 2785 egestas
1052 2724 1116 2770 non
1140 2716 1291 2776 senectus

808 2804 914 2870 nullus
937 2806 1076 2890 denique
1100 2809 1254 2878 detentus.

807 2992 856 3058 Ibi
879 3013 946 3076 pax
969 2996 1031 3059 erit
1052 3000 1205 3080 perennis

808 3103 842 3159 et
863 3096 975 3162 laetitia
998 3099 1155 3183 solennia,

763 3289 765 3294 Ι
806 3199 868 3268 1155
892 3210 925 3266 51
947 3201 1045 3268 deeus
1064 3205 1246 3290 juventutis
1392 3214 1433 3278 75

807 3311 841 3368 et
862 3307 1021 3390 perfectio
1044 3311 1166 3376 salutis.

806 3509 909 3575 Nemo
931 3519 1041 3594 potest
1059 3515 1222 3597 cogitare,

807 3620 960 3692 quantum
983 3615 1045 3678 erit
1067 3617 1223 3698 exultare,

701 3718 706 3727 '
807 3723 883 3780 tuno
904 3716 938 3780 iu
961 3718 1051 3782 ooelis
1074 3718 1222 3784 habitare

806 3826 839 3884 et
862 3837 933 3884 oum
961 3822 1086 3903 angelis
1109 3841 1258 3904 regnare.
1371 3823 1434 3888 180

805 4021 863 4090 Ad
884 4025 948 4092 hoo
969 4046 1105 4110 regnum
1128 4047 1179 4092 me
1202 4047 1340 4116 voeare,

122 4141 158 4198 et
180 4134 267 4215 quod
289 4133 445 4200 haetenus
469 4136 641 4218 abscondi,
710 4139 752 4204 50
802 4129 1033 4214 111δῖθὶ111111,
1056 4139 1133 4198 tuno
1156 4133 1309 4218 dignare,

121 4256 208 4302 nuno
230 4237 356 4323 videte,
379 4260 464 4306 nuno
486 4241 620 4324 habete,

121 4359 208 4407 nuno
229 4349 377 4425 regnate,
399 4361 485 4410 nune
507 4338 683 4427 5511115150ι

806 4253 901 4316 quem
925 4243 1093 4320 exspecto,
1117 4257 1212 4320 quem
1233 4239 1375 4322 requiro,

805 4340 849 4406 ad
872 4359 966 4422 quem
989 4341 1103 4408 avidus
1126 4345 1262 4429 suspiro.
1298 4362 1401 4408 amen.

216 4534 264 4590 lis.
278 4535 328 4590 der
342 4535 630 4594 seminarbibliothek
648 4553 683 4592 nu
697 4535 778 4593 Trier
796 4525 828 4605 0,
844 4538 884 4590 17.
903 4551 948 4590 am
960 4537 1046 4607 Euda,
1065 4553 1116 4592 aus
1131 4537 1193 4592 dem
1207 4537 1242 4590 13
1250 4534 1348 4592 Jahrb.
1367 4535 1432 4604 (A).

213 4623 318 4694 0biges
336 4622 454 4680 Gedioht
471 4625 548 4680 steht
565 4625 638 4680 auoh
655 4624 702 4680 bei
718 4623 763 4680 Dte
779 4623 861 4679 1110511
876 4622 990 4694 poesies
1009 4624 1045 4680 du
1062 4639 1166 4696 moyen
1184 4625 1240 4695 age
1265 4638 1292 4692 p.
1311 4621 1364 4677 108
1388 4621 1433 4677 als

120 4708 297 4800 1151555
315 4713 467 4781 messenen
486 4711 635 4770 Gediehtes
655 4710 729 4770 narb
747 4710 825 4768 einer
844 4709 891 4772 ils.
915 4711 964 4775 des
983 4715 1017 4770 12
1036 4713 1138 4774 lahrh.
1157 4710 1221 4782 (B).
1258 4709 1442 4786 1111151550

207 4831 295 4892 Mona,
311 4829 396 4884 luteis.
413 4831 537 4891 flymnen.
553 4832 574 4882 1.

1174 4805 1218 4872 2⁷
