3324 5358
9 913 10 918 ’
147 898 249 976 Quam
270 899 393 964 deeora

148 526 227 606 Quae
250 546 314 593 non
336 534 484 612 movent,

147 631 242 696 immo
264 630 378 694 fovent

190 738 323 813 ventae,
346 731 480 812 flumen,
503 729 624 814 pluvia.

145 1001 369 1086 fundamenta,

9 1161 10 1164 ,
145 1125 207 1192 per
230 1107 387 1172 concinna

9 1205 10 1238 ³
146 1218 351 1280 sacramenta

145 1316 269 1384 umbrae
290 1311 545 1397 praecurrentia!

145 1491 248 1560 Latus
270 1489 357 1556 Adae
381 1490 569 1556 dormientis
733 1488 775 1554 15

144 1592 250 1664 Evam
272 1595 354 1660 fudit
375 1597 408 1660 in
431 1593 588 1660 manentis

189 1698 317 1782 copulae
339 1698 525 1783 primordia.

143 1857 237 1930 Area
258 1862 348 1944 ligno
371 1861 533 1928 fabricata

142 1963 214 2032 Noe
237 1974 349 2032 servat
371 1969 554 2048 gubernata

186 2068 295 2134 mundi
313 2087 374 2152 per
397 2067 560 2132 diluvium.

9 2263 11 2312 i
143 2231 241 2300 Prole
265 2228 340 2295 sera
362 2201 493 2295 tandem
514 2228 595 2295 foeta

145 2354 225 2406 anus
248 2331 334 2400 Sara
355 2335 442 2400 ridet
464 2335 542 2402 laeta

187 2445 333 2504 nostrum
354 2438 482 2504 laetans
504 2437 666 2522 gaudium.

143 2601 269 2670 Servus
290 2604 387 2688 bibit,
411 2605 466 2686 qni
486 2605 633 2688 legatur,

144 2713 178 2772 et
200 2705 342 2771 camelus
365 2705 546 2788 adaquatur

187 2828 229 2872 ex
251 2807 413 2874 Rebeeeae
436 2809 564 2892 hydria.

141 2988 222 3056 Haeo
244 2991 374 3054 inaures
398 2998 432 3056 et
454 2991 597 3055 armillas

9 3159 10 3170 ,
143 3101 236 3180 aptat
259 3094 329 3177 sibi,
352 3103 387 3159 ut
409 3115 471 3178 per
493 3096 566 3162 illas

187 3199 259 3266 viro
278 3198 336 3264 fiat
359 3216 513 3281 congrua.

142 3381 327 3470 synagoga
350 3385 576 3468 subplantatur

142 3507 163 3554 a
184 3487 304 3571 Jacob,
328 3487 402 3552 dum
425 3495 586 3570 evagatur

184 3589 277 3654 nimis
300 3589 385 3652 freta
411 3589 538 3652 litterae.

141 3765 247 3854 Lyam
269 3769 390 3854 lippam
413 3771 516 3835 latent
538 3769 654 3854 multa,

9 3947 11 3958 ‚
142 3873 257 3956 quibus
276 3872 402 3939 Raehel
424 3875 539 3938 videns
557 3875 639 3944 fulta

183 3976 256 4059 pari
278 3979 369 4042 nubit
387 3978 525 4045 foedere.
561 3971 564 3974 ¹

139 4155 178 4223 In
200 4156 288 4222 bivio
311 4165 426 4242 tegens
449 4159 536 4226 nuda
636 4136 640 4140 ⁵

9 4261 10 4308 ἶ
136 4262 286 4344 geminos
308 4265 395 4347 parit
416 4285 458 4330 ex
480 4266 570 4336 Juda

184 4363 324 4430 Thamar
347 4367 402 4433 diu
423 4369 531 4436 vidua.

137 4543 222 4611 Hine
243 4547 378 4631 Moyses
403 4571 423 4616 a
444 4553 568 4636 puella,

139 4648 214 4714 dum
237 4669 273 4714 se
295 4653 399 4739 lavat,
422 4657 455 4721 in
477 4658 604 4730 fiscella
723 4661 767 4728 40

180 4758 368 4839 repperitur
390 4761 527 4847 scirpea.

1395 347 1462 415 81⁷

750 527 773 554 “·
830 528 916 598 lline
937 550 1007 597 mas
1030 550 1134 616 agnus
1158 534 1360 618 immolatur,

831 655 896 722 quo
917 636 1045 702 Israhel
1067 640 1222 724 satiatur,

875 739 947 823 ejus
970 747 1056 806 tutus
1078 743 1246 826 sangnine.

692 853 696 862 ι
770 855 772 860 ¹
829 891 914 960 Hine
936 893 1091 958 transitur
1112 896 1234 959 rubens
1255 894 1358 978 unda,
1415 897 1458 962 45

829 991 1018 1080 Aegyptios
1041 999 1100 1062 sub
1123 997 1286 1081 profunda

873 1099 1015 1162 obruens
1037 1099 1205 1182 voragine.

829 1250 913 1318 Hine
936 1261 987 1320 est
1008 1273 1091 1320 urna
1113 1254 1230 1322 manna
1252 1257 1368 1342 plena,

743 1377 745 1385 ¹
828 1353 904 1422 bine
926 1357 1079 1423 mandata
1100 1359 1184 1442 legis
1208 1360 1293 1426 dena

871 1458 985 1526 sedin
1008 1480 1086 1528 area
1109 1462 1251 1528 loederis.
1415 1463 1455 1529 50

827 1599 911 1680 bino
933 1623 1008 1680 sunt
1029 1635 1124 1684 saera
1147 1627 1353 1704 emanente,

827 1715 904 1784 bine
925 1715 1041 1784 Aaron
1062 1720 1265 1804 indumenta,

871 1839 944 1902 quae
966 1821 1125 1904 praeeedit
1147 1822 1289 1906 poderis.

826 1972 910 2042 Hine
932 1972 1029 2041 Urias
1046 1975 1229 2061 judieatur,

825 2074 993 2142 Bersabee
1016 2078 1206 2144 sublimatur
1413 2081 1455 2144 55

870 2179 957 2244 sedis
981 2199 1116 2247 eonsors
1139 2184 1250 2268 regiae.

825 2332 907 2400 Haeo
929 2336 1002 2418 regi
1024 2338 1184 2402 varietate

825 2439 926 2504 vestis
949 2447 1036 2506 astat
1058 2441 1224 2508 deauratae

869 2543 953 2609 sieut
973 2563 1088 2628 regum
1110 2544 1196 2610 filiae.

773 2717 780 2720 ·
823 2695 897 2763 Hue
918 2699 1008 2764 venit
1029 2696 1144 2768 Austri
1165 2702 1298 2785 regina,
1411 2704 1453 2768 60

824 2800 1009 2869 Salomonis
1032 2825 1127 2890 quam
1151 2805 1259 2872 divina

869 2907 978 2972 condit
1001 2908 1169 2992 sapientia.

823 3058 905 3126 llaec
926 3061 1021 3143 nigra
1044 3068 1103 3142 est,
1126 3058 1185 3123 sed
1203 3059 1363 3145 formosa,

823 3164 958 3247 myrrha
980 3172 1013 3228 et
1037 3163 1131 3228 thure
1153 3163 1278 3230 fumosa

867 3268 964 3350 virga
984 3267 1208 3351 pigmentaria.
1409 3271 1451 3334 65

823 3421 880 3489 Sie
902 3425 1025 3506 futura,

824 3545 897 3610 quae
920 3526 1028 3610 figura

824 3631 1039 3714 obumbravit,

822 3734 985 3798 reseravit

866 3835 960 3901 nobis
984 3834 1053 3899 dies
1072 3835 1195 3918 gratiae.
1409 3834 1450 3898 70

821 3987 898 4057 lam
919 3989 952 4052 in
974 3989 1060 4052 lento

822 4111 895 4160 aum
918 4093 1036 4156 dileeto

822 4198 1025 4280 quiescamus

821 4309 856 4368 et
877 4302 1070 4386 psallamnS,

865 4413 977 4470 assunt
1000 4408 1084 4471 enim
1106 4408 1243 4492 nuptiae,
1406 4406 1447 4468 ⁷5

821 4561 963 4641 Quarum
985 4573 1077 4630 tonat
1099 4565 1290 4649 principium

820 4665 854 4728 in
876 4668 962 4731 tubis
985 4668 1181 4752 epulantium

821 4775 855 4834 et
878 4768 950 4836 finis
972 4792 1034 4855 per
1055 4770 1253 4855 psalterium.
