3280 5358
1380 259 1429 332 tt

206 451 240 506 V.
258 452 282 506 9.
308 452 383 507 Deua
400 465 485 506 auum
499 448 620 504 vertam
632 449 744 521 aaut
762 448 790 503 iu
809 464 865 518 qun
881 447 953 504 rliait
970 451 1072 520 σηπία,
1088 451 1252 524 anisam
1267 449 1348 508 laete
1361 461 1428 514 nrt

119 539 240 610 singula
268 540 399 610 Aeetam
415 537 446 592 in
464 539 570 609 gem,
590 538 631 592 13.
666 537 800 608 Aestate.
817 535 847 590 'm
865 551 908 590 ev.
925 535 990 592 soh
1007 539 1050 606 w,
1068 537 1093 592 8.
1109 543 1177 610 ιαμ
1193 556 1230 594 au
1244 539 1311 596 «lule
1326 541 1369 610 te,
1383 543 1427 598 11.

120 626 188 697 quid
202 631 245 680 est
259 625 411 682 Christus?
434 624 559 692 verbum,
577 622 697 692 iuquam,
711 629 740 678 et
753 623 845 678 hemo.
870 622 937 692 quid
950 628 994 679 eat
1007 625 1123 680 verbum
1137 631 1166 681 et
1176 626 1284 684 munel
1300 627 1427 698 verbum,

119 713 213 768 enim
237 717 266 767 et
289 729 365 768 earn.
400 711 481 766 Weil
499 725 536 764 er
556 710 605 768 ein
628 709 851 768 vullhemmener
873 709 988 767 hleuseh
1011 727 1088 784 war,
1118 713 1198 770 hatte
1223 731 1255 772 er
1273 715 1345 772 aueh
1363 715 1426 772 eina

119 799 308 854 mensehliche
326 798 418 854 Seele.

209 885 242 940 V.
260 888 284 940 9.
312 886 435 941 verbum.
472 886 512 940 18.
531 887 572 942 19.
597 889 720 942 renatus
755 885 860 942 Faetus
884 901 916 942 ea
940 901 993 958 per
1010 887 1140 958 vertunt,
1166 893 1283 962 eportet
1298 895 1329 946 te
1343 885 1427 948 rotet

119 974 316 1046 pervertunt
350 975 482 1045 Ααρασὶἰσ.
500 973 529 1028 in
547 989 646 1046 evang.
665 973 730 1028 Juh
749 975 774 1043 1,
794 976 836 1030 11.

211 1060 243 1115 V.
263 1063 305 1115 13.
323 1063 363 1115 11.
385 1061 434 1116 leh
457 1065 533 1116 setae
553 1060 646 1131 einige
670 1059 825 1132 Zeuguiaee
850 1075 907 1116 vnn
931 1059 1135 1132 zeitgenossen
1154 1061 1225 1133 her,
1250 1061 1359 1119 welehe
1377 1063 1429 1120 be·

122 1147 243 1218 waisch,
270 1148 326 1202 wie
350 1149 490 1204 hestimmt
514 1149 606 1203 dieser
623 1147 826 1204 Glaubeussatu
852 1149 1081 1220 uusgesproehen
1107 1149 1213 1206 warte
1247 1151 1378 1224 Aeaeam.
1396 1151 1428 1206 ia

123 1242 224 1308 evan'g.
242 1238 306 1292 Juh.
323 1239 348 1305 3,
369 1241 410 1291 12.
428 1239 444 1304 S
464 1238 487 1292 8.
515 1237 578 1290 dus
597 1235 758 1292 nativitates
775 1235 883 1294 Ghristl
900 1235 1110 1308 intelliguntur,
1134 1253 1190 1292 uua
1206 1235 1316 1306 divina,
1335 1237 1429 1294 altera

120 1315 254 1381 humana:
273 1342 337 1394 nna,
354 1341 407 1396 per
426 1341 509 1394 quam
526 1321 714 1402 efficeremur,
732 1323 839 1394 utera,
856 1340 909 1394 per
925 1339 1008 1396 quam
1025 1319 1210 1380 reficeremur.
1236 1324 1326 1380 arubae
1341 1325 1429 1380 mire·

120 1412 210 1482 biles‚
240 1411 295 1466 illa
318 1412 378 1466 sine
396 1416 500 1479 matre,
530 1410 587 1466 ista
609 1410 669 1466 sine
692 1415 782 1482 patre.
818 1409 947 1468 christun
965 1427 1023 1468 neu
1041 1410 1172 1482 quesivit
1190 1411 1244 1468 uisi
1260 1417 1379 1466 matrem
1396 1411 1428 1468 iu

123 1504 221 1568 terra,
240 1499 305 1569 quia
319 1499 381 1571 jam
398 1502 507 1568 patrem
525 1497 647 1552 habehat
664 1497 693 1550 in
711 1497 797 1567 eaelo;
834 1503 916 1553 natus
935 1513 970 1552 ex
988 1499 1055 1568 dee,
1074 1515 1125 1570 per
1143 1515 1224 1570 quem
1242 1495 1428 1570 efficeremur,

123 1593 154 1644 et
171 1593 253 1642 natus
272 1585 435 1655 exsemine,
454 1603 505 1656 per
523 1603 604 1666 quem
622 1583 806 1642 reficeremur.
833 1588 965 1658 Aequatiu.
984 1587 1012 1642 in
1026 1601 1125 1658 evang.
1139 1587 1202 1644 Joh
1215 1589 1241 1656 2,
1256 1589 1297 1642 111.
1328 1587 1428 1644 Novus

119 1675 252 1732 Ghristns
278 1673 307 1727 iu
332 1689 431 1744 carne,
459 1675 508 1730 serl
530 1674 662 1745 antiquus
683 1675 715 1728 iu
739 1673 892 1730 divinitate.
920 1677 1051 1746 laurealis.
1075 1673 1105 1728 iu
1125 1677 1139 1728 1
1159 1673 1221 1730 Juh.
1240 1677 1275 1729 tr.
1291 1675 1319 1743 2,
1337 1677 1362 1730 5.
1396 1673 1428 1730 lu

120 1779 177 1818 uuo
197 1762 243 1816 dei
261 1765 344 1832 atque
362 1763 481 1817 huminis
499 1761 559 1819 filiu
583 1768 613 1818 et
630 1763 690 1818 siue
713 1768 803 1818 matre
823 1761 913 1820 deitas
938 1769 967 1819 et
990 1764 1051 1819 sine
1076 1765 1158 1834 patre
1182 1767 1244 1817 erat
1261 1759 1430 1816 humanitas.

120 1851 200 1906 toea
219 1866 251 1904 αι
270 1865 350 1904 serra.
368 1851 412 1919 28,
430 1854 454 1905 2.
620 1899 624 1904 .

209 1937 241 1992 V.
260 1940 301 1992 15.
328 1937 379 1992 hie
398 1939 515 1993 herten
534 1938 658 1992 driiukeu
676 1937 769 1992 dieses
786 1953 821 1994 ee
837 1953 905 1992 eus:
930 1935 1046 2000 διπλοῦς
1063 1945 1123 2000 ταῖς
1141 1933 1279 2008 θελήσασα
1307 1934 1368 1992 ou.
1384 1934 1427 1988 ta

117 2018 274 2088 ὑπόστασις
300 2022 438 2088 σύνθετος
460 2026 490 2081 e'u
514 2025 580 2082 δυσὶ
606 2033 667 2090 ταῖς
693 2022 809 2088 οὐσίαις.
848 2025 967 2082 oet1a.
1002 2023 1116 2088 διπλοῦς
1134 2023 1181 2096 τὴν
1198 2021 1296 2095 φύσιν,
1326 2019 1360 2078 οὗ
1379 2019 1428 2092 τήν

121 2109 284 2170 ὑπόστασιν.
310 2115 382 2170 NeV.
401 2115 443 2168 18.

210 2203 244 2258 V.
264 2205 375 2258 16-20.
403 2203 531 2260 Christus
549 2217 625 2258 nove
645 2202 758 2272 ordine,
776 2217 852 2256 aava
869 2200 1018 2264 nativitate
1036 2203 1195 2272 generatus.
1222 2211 1298 2254 neve
1317 2195 1428 2264 mune,

121 2291 188 2362 quia
213 2290 364 2346 invisibilis
388 2290 417 2344 in
440 2290 498 2346 suis
523 2289 643 2344 visibilis
662 2287 755 2344 faetus
773 2293 817 2342 eet
834 2287 863 2342 iu
877 2287 997 2357 uestris3
1029 2283 1317 2356 manupreheusihilis
1335 2282 1429 2338 veluit

119 2379 333 2450 enruvavrehenrli²
359 2383 426 2434 ante
444 2384 574 2448 tempere
590 2391 705 2430 manens
723 2371 890 2444 esse'sapit
905 2392 942 2430 err
960 2380 1101 2442 tempore,
1128 2370 1321 2426 universitatis
1340 2370 1429 2426 domi·

118 2484 174 2524 aare
193 2467 326 2522 servilem
343 2464 472 2532 formam,
491 2464 659 2518 obumbrata
676 2463 835 2535 majestatis
854 2478 913 2516 suae
931 2463 1078 2532 dignitate,
1098 2457 1229 2527 suscepit,
1247 2455 1429 2526 massihilie

117 2557 191 2612 deus
209 2571 267 2609 nou
282 2554 453 2623 dedignatus
472 2553 618 2618 esthemo
637 2567 700 2604 esee
718 2551 871 2620 passibilia,
889 2556 919 2606 et
936 2546 1103 2606 immortalis
1122 2544 1221 2602 merus
1238 2543 1349 2614 legibus
1362 2545 1431 2600 sah-

113 2644 227 2717 jaeere.
245 2656 321 2696 neva
340 2645 433 2694 autem
450 2637 599 2694 nativitate
618 2638 729 2709 genitus
747 2643 799 2706 est,
818 2643 970 2708 conseptus
989 2653 1008 2692 a
1026 2634 1145 2705 virgine,
1164 2637 1245 2688 natue
1264 2647 1298 2684 ex
1316 2630 1429 2702 virgine

118 2730 185 2788 siue
204 2733 332 2799 pateruae
351 2726 443 2780 earnis
462 2725 704 2794 coucupiscentia,
725 2725 785 2780 siue
803 2730 937 2780 maternae
955 2722 1128 2795 integritatis
1150 2719 1262 2794 injuria.
1297 2718 1374 2774 hou.
1393 2733 1428 2774 m.

118 2833 202 2874 serra
221 2818 265 2882 22,
283 2817 308 2868 2.
343 2814 433 2870 Adam
451 2818 533 2867 vetus
549 2813 635 2869 huno
651 2812 822 2882 appelletur.
846 2814 950 2883 Augeat.
968 2816 1065 2882 quaet.
1084 2824 1183 2879 evang.
1203 2810 1228 2875 1,
1246 2809 1288 2862 13.

208 2904 240 2960 V.
259 2905 382 2958 17-24.
409 2902 460 2958 Die
478 2899 602 2972 Begriffe
625 2918 717 2956 novus
741 2902 798 2956 und
822 2907 936 2956 renatus
964 2901 1026 2956 sind
1049 2899 1111 2954 hier
1130 2898 1179 2952 mit
1197 2897 1247 2952 der
1262 2895 1427 2969 ithrlieheu

118 2990 260 3049 Festfeier
278 2989 456 3058 verbunden,
489 2990 576 3044 daher
600 2989 714 3044 heisseu
728 2989 786 3044 'die
809 2986 986 3045 lehresfeste
1009 2987 1058 3042 hei
1081 2987 1135 3042 deu
1153 2985 1290 3042 Grieeheu
1307 2983 1429 3060 ἑρκαίνια

119 3079 193 3136 (ider
210 3081 388 3152 ἐγααινασμσί,
406 3078 612 3132 renovationes.
638 3078 702 3132 Dec.
717 3079 745 3132 9.

185 3164 240 3219 «V.
260 3167 301 3219 19.
328 3170 450 3219 renatae.
480 3165 543 3220 ὅλον
561 3166 589 3220 ἐν
605 3170 706 3240 Μαρίᾳ
722 3161 887 3228 tumetceu
904 3163 950 3220 τὸν
967 3161 1122 3239 ἄνθρωπον
1140 3158 1270 3238 Χριστός.
1305 3165 1431 3234 νεοαρρεῖ

120 3253 270 3327 φθαρέντα
289 3251 495 3325 μετασπόμενος
514 3252 543 3307 ἐκ
561 3258 676 3327 Μαρίας
694 3249 710 3308 ὁ
729 3249 874 3327 λυτρωτής.
902 3253 972 3306 Νον.
993 3255 1033 3305 11.

209 3338 242 3392 V.
260 3342 302 3394 22.
329 3341 486 3410 trophaeum
505 3340 645 3410 gentium,
674 3341 724 3394 der
742 3339 812 3410 Sieg
836 3340 885 3393 des
904 3339 1126 3395 Ghriatenthums
1150 3335 1221 3388 tiber
1245 3333 1290 3388 (lie
1312 3331 1428 3399 lleiden,

121 3425 149 3480 vl.
166 3425 192 3479 h.
212 3426 257 3481 die
276 3427 445 3498 Bekehrung
464 3427 620 3482 derselbeu.
657 3428 714 3482 Zur
732 3427 795 3484 Zeit
813 3427 904 3480 ‹lieses
924 3426 1023 3480 Liedes
1047 3439 1145 3478 waren
1164 3421 1227 3476 alae
1246 3420 1290 3474 uie
1308 3420 1429 3474 lleiden-

120 3515 246 3569 ehristen
270 3517 358 3570 sehon
381 3533 414 3570 su
438 3515 652 3587 iiherwiegend,
685 3516 751 3570 dass
777 3517 821 3570 die
846 3515 1059 3571 ludenehristeu
1088 3513 1169 3568 dariu
1192 3509 1269 3564 nieht
1287 3508 1365 3561 mehr
1384 3522 1430 3560 er-

120 3604 220 3656 wtihut
229 3602 298 3671 siud„
316 3602 426 3656 welche
435 3605 508 3657 noch
517 3603 546 3656 iu
555 3604 611 3658 den
620 3603 738 3658 Liedern
749 3604 798 3658 des
809 3605 833 3656 h.
843 3603 1008 3658 Ambrosius
1018 3601 1207 3656 verkommen.
1221 3596 1249 3652 S.
1258 3597 1284 3649 N
1286 3611 1309 3648 ο.
1320 3596 1363 3659 21,
1374 3595 1431 3648 lh.

121 3689 292 3759 Trophaeum
309 3689 348 3744 ist
366 3691 410 3744 die
428 3689 582 3745 kirehliehe
600 3691 792 3761 Schreibung‚
817 3691 926 3744 welche
945 3687 1045 3744 Daniel
1061 3685 1199 3754 annethig
1215 3683 1246 3738 in
1264 3681 1308 3735 ulie
1325 3679 1430 3734 lrlassl·

121 3776 191 3830 seha
208 3783 346 3847 tropaeum
362 3779 516 3832 vertudert
533 3779 589 3833 hat.

211 3865 241 3918 V.
259 3866 384 3920 29-32.
408 3866 500 3920 haben
522 3866 721 3922 Aehnliehkeit
744 3865 794 3920 ruit
819 3864 868 3918 der
888 3861 1107 3931 Sehlusstrnphe
1127 3857 1177 3914 (les
1195 3857 1333 3929 llymuue:
1365 3855 1431 3912 Vsa

120 3947 203 4004 clara
221 3967 286 4005 eeee
305 3951 416 4006 intonat
433 3951 480 4006 hei
497 3953 597 4008 Daniel.
616 3955 641 4022 1,
660 3953 705 4006 76.

180 4205 240 4278 32.
276 4201 435 4276 Sabbata
472 4203 641 4276 adventus
665 4204 799 4277 demini
826 4205 872 4276 ad
901 4202 1174 4301 complet-urium.
1216 4199 1375 4300 hymnus.

124 4372 283 4440 Salvator
302 4375 426 4457 mundi,
452 4374 594 4458 denne,
803 4374 932 4442 Adesto
955 4393 1040 4440 uuus
1060 4373 1219 4458 propitius
1407 4363 1429 4426 5

126 4479 183 4561 qui
204 4495 264 4542 nos
288 4479 421 4542 salvasti
442 4479 555 4561 hodie,
804 4487 839 4546 et
860 4499 960 4565 paree
983 4477 1251 4562 supplicantibus,

124 4582 160 4646 in
182 4582 246 4646 hae
267 4591 362 4647 noete
384 4601 443 4647 uos
465 4590 604 4667 pretege
804 4591 841 4650 tu
863 4583 936 4647 dele
958 4591 1070 4647 nestra
1090 4581 1240 4658 erum,

125 4693 163 4752 et
184 4689 277 4754 salva
300 4690 562 4776 omnitempore.
806 4697 843 4754 tu
864 4691 1016 4756 tenebras
1034 4685 1188 4752 illumina.
1251 4727 1255 4735 ι
