3282 5370
1389 298 1456 362 1cc

179 463 343 536 Praecinge,
360 479 379 520 o
397 465 509 522 cnruts
526 467 624 538 beate,
860 473 992 544 paratis¹
1009 474 1242 545 delinquentibus,

178 551 307 606 membra
323 555 423 606 111111
441 551 586 623 castitate,
895 575 966 630 quos
985 577 1030 632 es,
1048 561 1173 633 Christe,
1191 565 1381 622 munaum

178 637 257 692 vires
275 643 382 694 nostra
401 637 564 712 fatigentur,

177 731 393 796 consumantur,
412 725 584 786 famulentur

213 809 269 865 tuis
288 809 395 866 divinit*
409 812 546 870 1111111111·
858 869 921 924 quse
940 855 991 910 tibi
1010 857 1224 916 condolentibus

178 931 254 986 Exue
272 945 331 1000 me,
350 948 401 988 rex
419 938 594 1004 sanctorum,
858 945 942 1012 teque
961 943 1144 1016 diligentibus

181 1019 216 1072 (11
233 1016 357 1092 flagellis
375 1020 542 1076 miserorum
892 1029 953 1084 sine
971 1025 1026 1084 fine
1046 1047 1077 1086 ee
1095 1005 1231 1089 datum*

183 1109 213 1159 et
229 1121 247 1160 a
262 1105 353 1176 poenis
370 1101 515 1162 urentibus

858 681 919 736 'fua
931 681 955 752 ¹,
973 683 1055 754 Jesn,
1075 685 1223 742 clementia

858 767 994 838 perducat
1011 787 1054 826 me
1073 771 1109 825 ad
1126 773 1239 844 gaudia,

236 1231 385 1300 ¹parstus
403 1229 449 1285 lis
489 1229 573 1286 ²tua
591 1247 609 1286 1
627 1229 674 1286 111.
710 1231 767 1286 llas
795 1231 1013 1304 Stropbenmass
1041 1239 1145 1294 weicht
1171 1239 1216 1293 bie
1244 1241 1299 1294 und
1327 1239 1362 1296 da
1390 1257 1450 1297 von

133 1319 235 1392 jenem
260 1317 309 1372 vles
327 1315 475 1374 Gedichtes
499 1318 551 1388 ab,
582 1317 656 1374 lisst
679 1317 741 1374 sich
759 1319 828 1374 aber
846 1321 906 1376 wol
926 1322 1013 1378 durch
1030 1325 1146 1380 bessere
1164 1323 1383 1382 llandschristen
1401 1327 1451 1383 be·

143 1408 293 1480 ricbtigen
351 1441 355 1448 ·

230 1563 281 1620 Aul
298 1565 405 1622 latus.
440 1567 494 1628 Am
511 1563 589 1628 Enrle
607 1565 657 1622 les
669 1565 856 1624 ›Abrcbnittes
874 1567 973 1622 stelen
990 1565 1124 1641 folgeude
1142 1571 1277 1628 zasatssc

177 1669 249 1740 fac,
266 1671 362 1728 unctio
382 1669 494 1738 diuma,
855 1671 966 1728 Lancea
986 1673 1027 1726 tui
1044 1672 1149 1728 amoris

176 1758 278 1812 vulnus
297 1757 372 1814 istud
388 1757 527 1813 medicina
856 1773 900 1812 me
919 1757 1044 1812 stimulet
1061 1755 1167 1813 cunctis
1186 1758 1281 1830 boris,

174 1849 357 1916 peccatorum
374 1845 539 1901 vulneribus
602 1829 608 1842 ’
856 1841 975 1897 vulnera
993 1858 1037 1896 mc
1056 1843 1193 1912 caritate,

175 1948 219 1986 me
240 1931 269 1984 in
288 1931 382 1986 cordis
400 1931 557 1986 visceribus
855 1945 930 2001 unge
952 1945 995 1983 mc
1015 1945 1076 1984 cum
1095 1931 1259 2002 sanctitate,

211 2018 321 2074 sauciat
338 2019 541 2090 compassione
889 2016 990 2072 exauffi
1007 2033 1050 2072 me
1068 2017 1139 2072 lesu
1156 2016 1238 2076 bone.

231 2176 281 2230 An
304 2181 438 2247 pectus.
474 2177 572 2232 Dieser
595 2175 746 2234 Abscbnitt
770 2176 848 2231 steht
873 2175 953 2230 nicht
976 2189 1012 2229 an
1036 2175 1129 2230 dieser
1154 2175 1244 2232 Stella
1268 2175 1297 2230 in
1321 2176 1448 2248 (111111η

134 2260 264 2315 sondern
284 2263 334 2317 der
353 2261 488 2335 fulgenda
507 2263 549 2318 ad
567 2279 636 2318 cor.
675 2268 736 2318 von
755 2261 811 2318 Str.
832 2265 846 2314 1
866 2262 910 2316 bis
927 2263 952 2316 1.
971 2262 995 2315 6.
1013 2265 1038 2316 i.
1062 2263 1191 2318 stimmen
1208 2264 1304 2320 Druck
1326 2265 1382 2322 unrl
1399 2267 1448 2322 ils.

137 2347 264 2418 tiburcio,
284 2348 388 2406 darauf
400 2353 454 2406 bat
471 2351 548 2407 disse
566 2351 639 2408 nvvei
652 2351 751 2424 aigum
765 2350 918 2420 Stroplren,
937 2349 982 2406 die
1000 2349 1046 2404 ich
1064 2350 1201 2404 herretne.

177 2451 289 2522 Omnis,
307 2455 354 2524 qui
372 2460 399 2510 tc
418 2462 494 2512 amat
511 2473 592 2527 vere,
858 2454 992 2512 Clibanus
1011 2454 1115 2508 amoris
1134 2453 1216 2523 11111,

174 2555 232 2593 nou
251 2556 282 2593 re
300 2541 378 2597 valet
396 2543 546 2613 cohibere,
855 2557 906 2595 cor
925 2540 1045 2607 Christi,
1063 2543 1201 2594 memento
1219 2539 1288 2608 mei,

175 2623 281 2678 nullum
298 2627 409 2682 modum
427 2629 476 2683 dat
494 2629 600 2700 amori,
854 2633 886 2682 ut
903 2643 994 2682 meum
1012 2642 1063 2680 cor
1081 2631 1146 2696 post
1164 2631 1192 2680 te
1210 2627 1391 2698 languescat,

175 2727 240 2766 nam
259 2718 288 2768 11
304 2720 396 2770 morte
414 2717 503 2772 vellct
520 2718 606 2786 mori,
852 2717 882 2772 iu
900 2723 928 2772 te
946 2713 1059 2772 ferveat
1077 2721 1105 2770 et
1122 2715 1267 2786 liquescat.

212 2817 307 2857 amore
329 2804 444 2874 quisque
462 2805 590 2862 vincitur.
886 2803 971 2873 felix,
990 2804 1037 2875 qui
1055 2804 1096 2858 sic
1115 2804 1294 2860 consumitur.

234 2925 345 2996 ¹dcus,
372 2925 485 2982 Schrbf.
520 2928 576 2984 Str.
595 2929 612 2983 8
639 2929 689 2983 des
713 2927 839 2983 Druckee
867 2925 940 2982 fehlt
963 2927 991 2980 in
1015 2923 1065 2982 der'
1089 2927 1153 2996 ils,
1180 2927 1253 2982 daun
1276 2924 1444 2998 fulgendis

141 3006 203 3068 Str.
222 3013 246 3065 9.
266 3014 306 3066 10.
326 3016 366 3068 12.
385 3016 408 3068 5.
428 3017 469 3068 11.
488 3018 529 3070 13.
549 3019 598 3086 11.,
616 3013 734 3072 worauf
748 3015 792 3070 die
810 3015 856 3070 ils.
874 3016 948 3070 noch
966 3015 1042 3070 diese
1060 3015 1116 3072 Str.
1135 3012 1259 3086 beifigt:

174 3109 230 3164 Fili
247 3110 345 3164 llariae
365 3115 395 3166 et
412 3112 472 3181 dei,
852 3114 909 3170 fac
928 3129 978 3168 cor
995 3130 1085 3170 mcum
1103 3119 1131 3170 te
1149 3113 1262 3182 levare,

176 3195 238 3249 dele
257 3195 354 3265 culpas
373 3198 467 3252 cordis
485 3198 556 3267 mci,
853 3207 881 3256 te
901 3202 992 3256 solum
1010 3201 1183 3270 desiderare,

174 3280 249 3350 quod
267 3285 381 3350 terrena
399 3284 554 3354 cogitavit,
853 3288 1032 3341 vehementer
1050 3292 1079 3342 te
1098 3302 1207 3354 amaro,

177 3367 338 3436 concupivit
356 3373 385 3423 et
403 3370 508 3425 amavit
568 3401 571 3408 ·
852 3372 928 3426 votis
948 3372 1054 3426 cunctis
1073 3378 1101 3426 11
1120 3387 1219 3440 orare,

210 3453 274 3524 plus
293 3456 347 3510 heu
363 3450 449 3527 fluam
466 3463 507 3528 te,
526 3447 609 3528 lesu,
628 3465 702 3514 carc.
883 3459 995 3532 jugiter
1014 3460 1047 3514 de
1067 3466 1095 3516 te
1113 3459 1255 3516 meditare.

224 3613 274 3669 nn
299 3629 367 3668 cor.
403 3615 503 3670 Dieser
520 3617 670 3673 Absclrnitt
688 3617 727 3672 iet
744 3617 815 3671 eben
832 3631 1104 3688 vorausgegangen,
1123 3617 1152 3670 in
1170 3616 1221 3669 ‹ler
1239 3615 1284 3669 Hs.
1304 3613 1381 3686 folgt
1399 3616 1443 3670 ad

133 3703 275 3768 pectus.
311 3701 362 3754 1111
380 3701 426 3756 ils
446 3702 549 3758 stimmt
567 3721 620 3758 nur
637 3705 667 3758 in
685 3704 737 3759 deu
755 3705 812 3760 Str.
826 3708 850 3758 1.
868 3707 897 3758 2.
915 3707 932 3758 5
950 3705 994 3758 bis
1009 3705 1043 3756 10
1060 3703 1110 3756 mit
1128 3702 1188 3755 dem
1206 3701 1301 3755 Druck
1318 3701 1445 3773 ibercin,

133 3785 180 3839 die
200 3785 256 3840 Str.
279 3787 370 3840 eund
387 3790 405 3841 1
424 3785 520 3872 feblen
539 3791 594 3846 und
613 3789 696 3848 daiiir
714 3793 812 3848 stehen
830 3789 965 3863 fulgendo
983 3791 1054 3843 zelun
1072 3804 1142 3843 neue
1162 3787 1318 3857 Strophen:

171 3885 259 3946 Salve
278 3897 390 3962 pectus,
410 3873 498 3950 dulcis
516 3897 624 3969 lectus,
852 3900 953 3954 Lectus
971 3892 1209 3969 gratiosissimus,

171 3978 200 4032 in
220 3995 276 4049 qno
295 3980 439 4036 lohannes
458 3982 565 4039 electus
852 3987 1020 4057 sponsarum
1038 3981 1083 4035 dei
1101 3980 1257 4049 thalamus,

171 4083 204 4120 se
221 4067 250 4120 in
269 4084 351 4124 coena
367 4071 535 4142 reclinavit,
852 4073 898 4130 fac
915 4089 959 4126 mc
976 4085 1029 4141 per
1046 4067 1224 4122 devotionem

170 4153 292 4210 dulciter
312 4157 341 4210 in
358 4162 387 4212 te
405 4161 537 4229 pausavit
851 4167 881 4216 st
898 4160 973 4230 piam
991 4157 1168 4213 affectionem

211 4257 338 4296 somnum
357 4244 458 4314 gratiae
473 4247 622 4317 carpendo.
887 4247 991 4318 saepius
1009 4247 1039 4300 in
1056 4249 1085 4300 tc
1102 4259 1232 4315 pausare.

170 4363 212 4418 De
230 4361 311 4420 fonte
329 4367 491 4437 sapientise,
851 4370 909 4424 Fac
926 4383 970 4422 me
989 4382 1093 4438 quaeso,
1112 4365 1238 4432 Christe,
1257 4363 1372 4434 dignum

168 4451 303 4507 trinitatis
322 4460 351 4508 et
369 4455 471 4524 gratiae
792 4471 796 4475 ·
851 4459 950 4524 pectus
968 4457 1045 4507 tuum
1063 4456 1120 4505 tam
1138 4449 1289 4519 benignum

170 4538 212 4592 ibi
230 4541 346 4610 copiose
364 4543 472 4612 hausit,
851 4541 953 4596 saltem
970 4556 1023 4611 per
1040 4537 1211 4594 meritoriam

171 4625 273 4682 oculos
291 4626 355 4682 dum
372 4629 474 4685 mundo
493 4629 595 4685 clausit
850 4633 943 4684 mento
962 4631 1080 4696 tangere
1097 4619 1259 4684 memoriam

206 4713 336 4774 inicum
358 4716 448 4776 voum
468 4715 590 4791 figendo.
885 4721 915 4774 et
933 4721 961 4772 te
979 4714 1064 4787 digna
1083 4707 1256 4768 collaudare.
