3280 5358
1392 275 1434 344 41

216 461 249 518 V.
267 463 310 517 37.
337 478 437 534 passus
461 465 513 518 est.
544 462 603 516 lius
625 455 792 531 freiwillige
809 458 913 516 beiden
931 459 1037 516 Christi
1060 459 1184 514 drichen
1201 459 1248 516 die
1265 460 1382 518 hienien
1399 473 1438 518 ιο

129 563 194 604 aus:
212 548 283 612 θεὸς
302 546 339 604 ὧν
358 545 485 620 ἀπαθὴς,
502 551 584 624 σαρκὶ
601 549 706 604 παθεῖν
724 545 759 602 δι’
778 541 851 618 ἡμᾶς
870 545 999 608 ἑκουσίως
1016 546 1159 614 κατεδέξω.
1186 547 1252 604 usi
1270 551 1296 602 ἵ.

217 640 250 694 V.
268 641 310 694 lb.
338 639 430 706 Quare
455 637 583 692 salvator
607 635 698 690 dietus
722 631 891 702 entmundi,
924 631 979 686 nisi
996 638 1027 690 ut
1044 633 1138 690 salvet
1154 634 1297 704 mundum,
1328 649 1385 691 nun
1403 637 1437 692 ut

122 729 236 801 judicet
259 727 409 782 mundum?
436 725 543 780 salvari
559 741 617 782 uon
634 723 679 778 vis
697 721 733 778 ab
751 721 830 792 ipse,
857 736 892 774 ex
910 725 939 776 te
952 719 1138 794 judicaberis.
1165 723 1268 794 lapset
1286 721 1316 776 in
1335 737 1438 796 evang.

128 818 193 875 Jon
211 819 238 884 3,
257 818 298 870 12.
317 817 334 882 s
352 817 393 869 12.

216 901 249 956 V.
268 902 385 956 66-68
403 899 538 956 beuiehen
556 897 617 955 sich
634 893 688 954 eui
701 895 747 952 die
764 895 873 967 linger
891 910 926 950 uu
943 892 1052 950 Εωωιι

573 1216 638 1290 29.
673 1215 732 1288 De
753 1215 825 1286 vita
853 1210 995 1286 Christi.

127 1388 268 1466 Quando
289 1388 394 1452 noctis
415 1386 555 1452 medium

129 1492 252 1558 factum
274 1499 325 1555 est
347 1491 523 1572 silentium,

131 1594 267 1676 virginis
289 1595 322 1656 in
344 1593 501 1676 gremium

130 1697 215 1761 misit
237 1697 317 1761 dens
339 1697 440 1762 filium

129 1798 173 1864 ad
195 1800 329 1864 salutem
352 1800 504 1881 gentium.

122 1961 257 2028 Laudet
279 1963 374 2027 deum
397 1981 491 2028 omne
514 1980 568 2046 os,

130 2064 206 2147 quia
227 2071 320 2147 patet
341 2082 429 2128 nova
452 2064 530 2146 dos,

128 2168 171 2231 de
194 2168 327 2232 excelso
351 2167 437 2232 cadit
459 2184 514 2230 ros

130 2279 163 2336 et
184 2273 217 2335 in
239 2279 327 2336 terra
350 2273 469 2337 crescit
492 2271 570 2354 llos,

128 2377 222 2460 eujus
245 2377 327 2440 odor
351 2384 445 2442 sanat
466 2394 536 2440 nos.

128 2539 192 2604 Hic
213 2548 376 2606 mutantur
399 2539 526 2602 foedera

130 2650 166 2706 et
188 2649 313 2706 naturae
337 2659 456 2725 opera,

128 2746 227 2827 virgo
250 2745 287 2809 fit
308 2765 487 2829 puerpera,

126 2849 224 2932 »cujus
248 2857 339 2912 casta
361 2849 491 2912 viscera

128 2952 186 3034 pia
208 2958 339 3032 gestant
360 2969 470 3014 onera.

131 3114 219 3182 Deus
241 3115 338 3178 homo
362 3115 520 3197 nascitur,
615 3163 619 3177 .

130 3218 246 3302 pannis
268 3217 324 3280 lux
346 3217 535 3300 involvitur,

129 3321 202 3384 laus
224 3319 257 3382 in
283 3319 372 3382 coelis
396 3319 536 3400 canitur,

129 3421 249 3486 mundo
272 3423 359 3486 salus
383 3422 486 3510 oritur

125 3535 163 3591 et
185 3547 252 3610 pax
275 3527 372 3590 terris
394 3525 549 3590 redditur.

133 3691 180 3754 De
202 3693 297 3774 virga
319 3692 468 3776 procedit
489 3713 556 3756 nux

134 3801 168 3859 et
190 3795 228 3858 de
251 3797 346 3860 stella
367 3816 448 3860 vera
469 3797 541 3879 lux,

128 3918 175 3962 ex
196 3897 354 3982 Aegypto
376 3918 480 3964 novus
504 3900 586 3983 dux,

129 4003 225 4086 cujus
248 4010 411 4086 sceptrum
433 4011 524 4066 extat
546 4022 640 4086 orum,

127 4127 191 4190 per
216 4127 310 4188 quem
333 4108 398 4172 ruit
420 4108 473 4170 leo
495 4116 578 4172 trux.

128 4271 332 4339 Monstratur
354 4273 387 4335 in
408 4271 600 4338 Bethlehem

129 4375 285 4458 princeps
308 4375 348 4438 de
371 4376 573 4462 Jerusalem,

128 4479 262 4562 Joseph
283 4483 368 4565 perit
389 4483 422 4546 in
445 4482 585 4567 Sichem,

130 4590 166 4647 ut
189 4593 389 4650 consummet
409 4605 527 4652 novam
549 4607 641 4674 spem

129 4689 302 4774 operando
322 4699 465 4758 nostram
487 4713 565 4758 rem.

808 1385 858 1451 Ibi
879 1403 992 1468 regem
1014 1379 1056 1446 dc
1078 1378 1159 1446 Sion

809 1489 998 1574 expavescit
1020 1509 1080 1552 rex
1101 1484 1225 1572 Amon,

808 1592 854 1658 ibi
875 1593 983 1657 tremit
1003 1591 1170 1675 Babylon,

809 1695 885 1778 quia
906 1702 1018 1760 noster
1039 1692 1196 1760 Salomon

809 1805 984 1864 coronatur
1005 1799 1038 1862 in
1061 1797 1162 1863 Geon.

808 1965 857 2031 Ibi
880 1984 961 2030 crux
984 1965 1136 2048 erigitur,

808 2069 897 2152 ligno
921 2069 1001 2133 deus
1024 2068 1150 2152 figitur,

808 2172 876 2236 vita
897 2171 1016 2236 victrix
1038 2171 1184 2254 ungitur,

810 2283 923 2340 auctor
945 2275 1058 2340 mortis
1079 2273 1229 2355 moritur,

809 2387 913 2443 morte
936 2395 1024 2442 mors
1048 2376 1233 2440 destruitur.

810 2541 890 2607 Post
912 2559 1064 2608 occasum
1085 2539 1208 2603 funeris

810 2644 896 2710 redit
917 2645 968 2710 sol
990 2648 1030 2710 ab
1053 2643 1181 2726 inferis,

811 2749 921 2814 dotem
942 2749 1023 2814 clari
1044 2747 1186 2812 muneris

796 2871 871 2938 ¹pro
894 2852 1044 2917 mercede
1068 2851 1177 2935 operis

810 2963 1025 3041 repraesentat
1047 2956 1182 3038 superis.

810 3117 860 3186 lbi
882 3136 979 3200 super
1002 3115 1126 3179 aethera

809 3222 911 3306 patris
935 3221 1039 3284 estin
1062 3219 1218 3300 dextera,

810 3334 903 3390 natus
925 3325 1011 3410 patri
1033 3324 1184 3404 vulnera,

812 3438 888 3495 nato
911 3417 1014 3494 mater
1036 3435 1151 3490 tenera

812 3535 857 3599 ibi
878 3541 1035 3598 monstrat
1056 3535 1168 3596 ubera.

812 3699 877 3763 Pro
900 3699 1019 3762 nostris
1042 3696 1186 3759 reatibus

812 3810 907 3866 natus
930 3821 1001 3864 cum
1023 3795 1220 3877 vulneribus,

812 3913 916 3970 mater
938 3923 1010 3966 oum
1031 3899 1203 3982 uberibus,

814 4010 922 4092 angeli
944 4027 1016 4072 cum
1038 4006 1184 4070 omnibus

813 4123 908 4179 orent
931 4112 1003 4177 oaeli
1024 4111 1157 4176 civibus.

813 4277 916 4344 Salva
937 4297 997 4344 nos
1020 4285 1054 4342 et
1075 4277 1215 4360 redime,

813 4385 942 4468 genitor
963 4383 1115 4467 piissime,

812 4493 948 4574 propter
970 4493 1049 4550 vota
1070 4483 1209 4548 maxime

813 4597 878 4655 toae
899 4587 1002 4674 prolis
1024 4587 1171 4670 optimae,

716 4693 758 4760 30
814 4712 910 4777 quem
930 4699 966 4760 tu
992 4707 1081 4758 amas
1102 4685 1222 4754 intime.
