3324 5358
185 513 261 581 Ave
282 515 367 597 legis
390 513 558 596 conditor,

228 623 288 685 sub
311 621 386 701 lege
410 620 637 700 circumcisus,

187 724 242 806 qui
262 744 324 807 per
349 743 460 788 semen
482 720 631 788 Abrahae
708 725 749 786 35

230 827 396 893 redemtor
419 847 455 892 es
478 827 640 912 provisus

148 1002 151 1010 '
187 994 265 1073 Aoe,
289 997 339 1059 cui
361 1011 494 1060 munero
567 1003 571 1012 '

230 1098 292 1160 tres
316 1112 403 1176 reque
423 1093 530 1176 surum
550 1097 620 1173 triu,

186 1215 276 1278 qoem
296 1215 398 1278 recum
424 1213 519 1280 super
540 1200 660 1264 mduru'

229 1298 368 1381 (utentur
389 1305 491 1368 mente
511 1304 576 1383 piu.
692 1299 750 1362 =40

120 1513 161 1586 11.
188 1515 268 1597 Aue,
291 1534 381 1599 quem
400 1534 559 1600 puerpera

159 1619 161 1627 “
229 1624 263 1685 in
286 1619 431 1702 templum
450 1619 663 1702 presentavit,

188 1741 279 1805 quem
300 1726 334 1787 in
355 1721 449 1788 ulnus
470 1724 606 1804 Symeon

232 1826 410 1909 complacue
425 1828 614 1908 prudicuuit.

186 1989 279 2074 Aue,
305 1991 360 2073 qni
383 1991 480 2054 exilio

229 2116 291 2180 per
313 2102 449 2158 matrem
473 2093 657 2175 deportaris

188 2205 222 2262 et
244 2197 355 2262 verbis
378 2195 536 2278 angelicis

230 2299 306 2365 inde
329 2299 506 2365 revocaris.

185 2461 281 2549 Ave,
304 2465 359 2548 qui
381 2465 532 2548 virgineo

230 2568 317 2634 lactc
340 2555 531 2634 sustentaris
705 2567 747 2632 50

185 2676 219 2735 et
241 2671 395 2735 maternis
419 2669 561 2735 brachiis

232 2778 268 2837 ut
288 2783 371 2854 puer
394 2771 560 2854 bajularis.

185 2930 278 3016 Ave,
303 2933 357 3015 qui
379 2952 440 3016 per
462 2929 603 2996 triduum

230 3039 349 3102 absens
374 3034 576 3117 quaerebaris

185 3146 219 3205 et
242 3140 393 3204 inventus
417 3137 554 3202 dulciter
706 3138 747 3200 55

228 3264 289 3328 per
311 3249 447 3308 matrem
470 3240 676 3325 amplexaris.

183 3425 277 3510 Ave,
303 3427 357 3508 qui
380 3447 400 3492 a
421 3425 522 3490 milite

227 3551 288 3594 rex
310 3549 426 3612 regum
448 3528 626 3612 baptizaris

184 3641 218 3700 et
240 3655 283 3702 ex
305 3642 381 3700 tuno
405 3654 425 3698 a
448 3622 565 3697 satana

227 3757 289 3822 pro
313 3738 408 3804 nobis
432 3744 483 3802 ter
505 3734 650 3802 tentaris.
705 3735 746 3798 60

184 3917 261 3996 Aue,
284 3921 336 4000 qui
354 3901 413 4000 pei
427 3917 582 3999 plurimos

229 4039 331 4087 conos
350 4024 531 4102 0111110110,

184 4128 290 4191 vivens
314 4129 394 4190 tuter
413 4129 566 4208 pessimos

226 4235 261 4294 ut
283 4247 398 4311 cunum
418 4232 447 4294 te
467 4229 597 4308 cessisti.

183 4405 275 4490 Ave,
299 4406 353 4490 qui
378 4404 546 4488 apostolos
686 4405 744 4482 Ι65

226 4512 324 4577 rudes
348 4511 477 4593 elegisti

159 4622 217 4688 ,et
241 4633 299 4680 eos
322 4615 509 4679 coelestibus

227 4719 321 4784 donis
343 4718 492 4792 imbuisti.

163 4854 246 4904 Mune,
263 4849 349 4897 lotein.
366 4849 490 4904 flymnen.
510 4848 530 4894 1.

1365 333 1432 401 5117

865 513 959 600 Ave,
983 519 1037 600 qui
1054 519 1218 585 miraculis

910 621 1017 686 multis
1041 621 1222 687 coruscasti
1387 625 1428 687 70

866 732 901 790 et
923 733 1011 790 tuam
1034 727 1211 810 potentiam

906 829 1068 894 interdum
1091 829 1271 896 occultasti.

865 989 961 1076 Ave,
985 993 1039 1075 qui
1063 1015 1083 1058 a
1109 993 1242 1058 mortuis

908 1095 1070 1164 Lazarum
1093 1095 1236 1178 vocasti,

863 1220 925 1285 per
939 1200 1026 1282 quod
1040 1201 1166 1283 signnm
1179 1199 1350 1265 maximum
1383 1201 1424 1264 75

907 1301 1043 1368 uudaeos
1068 1302 1246 1366 concitasti.

865 1461 959 1547 Ave,
983 1465 1132 1548 quicum
1155 1463 1263 1546 gloria

908 1587 968 1632 rex
991 1587 1105 1651 regum
1128 1587 1165 1632 es
1188 1573 1341 1650 receptus

866 1677 900 1736 et
922 1689 993 1738 cum
1015 1671 1192 1753 ignominia

908 1781 985 1858 post
1008 1773 1167 1840 modicum
1189 1773 1323 1857 ejectus.
1384 1771 1427 1836 80

705 1990 748 2053 45
798 1989 852 2058 ΙΠ.
875 1991 940 2057 Aue
961 1990 1039 2056 lesu
1058 1994 1184 2073 monte,

907 2115 967 2162 ocu
988 2096 1066 2164 Jesu
1089 2097 1178 2174 bone,

863 2217 989 2264 reorum
1011 2195 1235 2280 teutonicum&

906 2299 1050 2382 defensor
1069 2305 1101 2365 ut
1115 2297 1268 2382 patrone!

866 2464 943 2544 Aoo,
968 2467 1021 2546 qui
1041 2463 1234 2529 coeuntibus
1385 2463 1427 2530 85

911 2572 1011 2635 tecum
1033 2573 1062 2635 te
1084 2570 1202 2648 dedisti,

867 2671 925 2738 hoc
947 2671 1035 2738 dulce
1056 2672 1145 2737 nohis
1167 2670 1309 2738 omnious

906 2779 1021 2858 pictum
1042 2774 1201 2860 1111111110.

865 2933 942 3004 Ave
964 2957 1081 3002 munna
1103 2937 1266 3021 coelicum,

908 3043 1003 3126 panis
1027 3043 1230 3126 angelorum,
1385 3042 1426 3106 90

866 3145 1011 3209 caritatis
1034 3143 1211 3226 vinculum,

908 3253 1023 3312 auctor
1044 3245 1238 3311 meritorum.

864 3427 942 3507 Aue,
965 3431 1017 3510 qui
1035 3430 1242 3508 suouuinaum

907 3531 1052 3594 cadmum
1072 3525 1215 3609 effudisti,

866 3649 937 3698 cum
959 3639 1119 3696 tormenta
1140 3630 1278 3694 maxima
1383 3629 1424 3691 95

908 3733 1017 3798 sutura
1038 3731 1228 3816 praevidisti.

738 3995 741 3998 Ι
864 3909 941 3978 Ave
962 3931 1023 3974 rex
1041 3908 1215 3989 liberrime,

908 4015 962 4096 qui
984 4013 1111 4078 vinctus
1135 4011 1305 4078 ducebaris

866 4118 1078 4198 scelestisque
1101 4117 1247 4182 manibus

902 4230 938 4287 nt
959 4221 1043 4286 latro
1066 4221 1270 4287 tractabaris.
1318 4265 1323 4284 „
1360 4219 1422 4282 100

860 4400 953 4481 Ave,
977 4403 1031 4484 qui
1048 4401 1214 4486 judicibus

905 4509 955 4574 bis
978 4508 1062 4572 binis
1085 4505 1297 4591 praesentaris

862 4616 895 4674 et
918 4609 1065 4693 profanis
1088 4609 1182 4674 labiis

904 4713 987 4778 false
1011 4713 1199 4783 criminaris

1167 4816 1211 4879 22
