3282 5370
1390 281 1433 352 et

217 475 251 528 13
269 473 333 528 thns
347 471 394 526 lis.
421 469 524 526 Fehler
543 467 592 522 ries
606 465 800 534 Rubricators,
820 463 870 520 der
888 463 941 520 sien
955 479 1076 536 moeson
1090 465 1234 522 Anianti'
1253 463 1300 522 iim
1313 467 1326 526 1
1337 473 1437 542 nnn,

127 562 238 617 welche
255 561 400 614 Versehen
419 558 448 612 in
466 557 519 612 den
537 555 599 611 Hes.
618 551 663 610 oft
680 553 869 609 rorkornmea.
907 553 940 606 tc
958 551 1091 608 indictam
1108 554 1154 610 Ην.
1196 555 1233 610 20
1250 572 1282 610 es
1301 553 1374 614 tonte
1390 559 1436 614 ein

128 648 330 722 aweisylbiges
358 647 460 716 Wort,
493 644 555 698 dem
583 641 669 698 Sinna
696 639 769 696 nach
796 639 903 728 psaltat
930 641 1001 696 oder
1028 645 1125 712 canat3
1155 639 1267 698 dietis.
1285 644 1335 700 het
1353 643 1437 702 heina

126 737 228 797 nacae.

219 855 251 909 V.
272 858 297 909 2.
324 853 449 926 gentium
474 853 612 924 primitia.
647 853 728 908 Nach
746 854 876 924 Arouaia.
895 867 975 906 serm.
993 853 1054 922 202,
1074 855 1097 906 1.
1116 851 1158 906 illi
1175 853 1265 926 magi,
1292 853 1359 926 quid
1374 855 1437 930 jera

128 941 258 1012 suerunt,
289 942 343 996 nisi
360 941 491 1012 primitiae
510 935 655 1012 g'entiamt
690 938 828 994 israelitae
846 943 991 1009 pastores,
1015 937 1092 1012 magi
1110 939 1245 1012 gentries,
1270 943 1381 1014 utrique
1399 943 1436 1002 ati

130 1030 294 1102 angularem
320 1029 442 1099 lapidem
468 1033 676 1084 concurrerant
712 1027 776 1100 vgt
803 1027 875 1082 anch
902 1043 982 1082 serm
1005 1029 1066 1083 wi.
1089 1027 1313 1104 pomoqoqosion
1331 1029 1437 1098 πάντας

128 1119 263 1193 ’συγκαλεῖ
278 1115 342 1180 τοὺς
360 1117 390 1183 ἐξ
407 1113 501 1171 ἐθνῶν
518 1112 536 1186 ἡ
554 1113 604 1170 τοῦ
622 1112 695 1170 θεοῦ
712 1119 799 1184 σοφία
817 1113 887 1189 πρὸς
905 1113 937 1170 τό
956 1113 1024 1186 φῶς.
1060 1115 1122 1172 Jan.
1140 1117 1164 1170 lt.

218 1205 250 1260 V.
268 1208 290 1260 5.
314 1204 432 1260 stellam.
476 1201 615 1258 flieriber
646 1215 736 1273 sagea
769 1199 814 1257 die
841 1199 959 1256 hienfien
989 1203 1053 1259 Dec
1079 1205 1121 1258 25.
1151 1205 1219 1258 sehr
1241 1209 1306 1276 gut:
1336 1201 1437 1262 λαθνῖν

129 1293 248 1365 &nephec
261 1289 315 1348 chri
330 1291 361 1349 τὸ
380 1290 522 1376 σπήλαιον,
542 1287 599 1344 ἀλλ’
618 1285 736 1366 οὐρανός
756 1307 788 1344 σε
805 1285 889 1343 πᾶσιν
907 1285 1034 1364 ἐκήρυξεν
1049 1287 1142 1367 ὥσπερ
1161 1287 1252 1364 στόμα
1269 1289 1316 1348 τὸν
1333 1289 1436 1370 ἀστέρα

127 1377 360 1456 προβαλλόμενος.

217 1467 250 1522 V.
267 1469 291 1521 9.
320 1467 402 1521 (iona.
425 1464 538 1520 ἕκαστον
561 1461 615 1520 τῶν
638 1459 694 1530 einh
721 1461 775 1519 rosi
791 1465 941 1536 γενομέναν
953 1460 1107 1536 κτισμάτων
1124 1461 1175 1534 τὴν
1189 1461 1367 1539 εὐχαριστίαν
1383 1483 1436 1523 oon

130 1551 283 1631 apocopen.
303 1555 331 1609 ol
348 1549 459 1628 hypatos
476 1549 631 1624 nosipsos,
649 1553 676 1607 oi
694 1547 806 1626 οὐρανοὶ
824 1549 870 1606 τὸν
888 1547 999 1627 ἀστέρα,
1017 1553 1044 1606 ot
1060 1547 1147 1628 μάγοι
1164 1549 1199 1606 τὰ
1217 1549 1311 1628 δῶρα,
1331 1554 1359 1608 ol
1373 1571 1437 1609 ποι-

130 1643 210 1714 μένες
227 1639 258 1696 τὸ
276 1639 394 1712 θαῦμα,
424 1636 496 1712 ἡγῇ
513 1637 546 1696 τὰ
564 1637 712 1712 σπήλαιον,
738 1635 872 1716 η’ἔρημσς
889 1638 935 1710 τὴν
955 1637 1074 1712 φάτνην,
1100 1635 1177 1712 ἡμεῖς
1195 1639 1225 1697 δε
1242 1642 1345 1718 μητέρα
1363 1659 1436 1718 παρ-

127 1731 221 1786 θένον.
256 1729 320 1783 Dec
339 1729 381 1783 25.

217 1817 249 1870 V.
269 1819 302 1871 13
319 1814 367 1888 flg.
397 1817 513 1871 Arnhros.
537 1815 571 1870 de
589 1809 644 1870 fide
664 1819 689 1885 1,
708 1817 733 1870 4.
759 1815 836 1888 hiagi
854 1827 965 1886 auram,
996 1816 1062 1872 thns
1085 1820 1115 1870 et
1131 1815 1275 1886 myrrham
1292 1815 1435 1888 supplices

130 1907 170 1964 ad
187 1907 292 1964 Christi
309 1905 449 1962 cunabala
467 1905 638 1962 detulerant:
658 1922 729 1962 auro
743 1921 841 1977 regem
854 1903 985 1975 intentes,
1004 1911 1035 1962 nt
1052 1905 1132 1962 deam
1150 1907 1232 1962 thare
1251 1909 1435 1974 venerantem

127 1996 277 2051 thesaurus
296 1995 368 2048 enim
382 1993 472 2065 regni,
490 1991 658 2048 sacrificinm
672 1994 726 2063 dei,
745 1993 861 2064 myrrha
880 1998 923 2049 est
937 1993 1099 2064 sepulturae.
1126 1993 1203 2050 Leone
1217 1993 1251 2048 M.
1266 2007 1347 2048 serm
1356 1993 1435 2060 31,2.

129 2083 193 2138 thus
212 2083 279 2150 dec,
298 2081 440 2152 myrrham
457 2080 575 2163 homini,
598 2097 695 2137 aarum
715 2079 838 2138 offerant
854 2083 931 2155 regi,
955 2081 1077 2138 scienter
1095 2079 1216 2138 divinem
1234 2083 1436 2152 humanamque

128 2173 258 2224 naturam
276 2169 305 2224 in
323 2169 430 2226 unitate
448 2175 622 2225 veneranter.
1224 2167 1227 2176 '

410 2503 470 2576 61.
510 2500 649 2575 Octava
671 2501 878 2601 epiphaniae
905 2501 1150 2600 (troparium).

126 2716 159 2778 1.
191 2710 257 2777 Iste
281 2709 351 2772 dies
374 2707 512 2772 celebris
535 2715 661 2773 constat
694 2711 698 2720 “
878 2723 1080 2789 capacesque
1102 2703 1204 2788 ipsius

126 2870 159 2934 a.
192 2865 240 2932 os
263 2865 414 2930 cranaos
875 2817 1011 2875 *estate
1034 2807 1174 2891 pians.

193 2971 396 3038 manifestam
417 2970 451 3033 in
807 2979 838 3042 6.
869 2977 1057 3043 Misericors
1079 2976 1179 3060 igitur

193 3077 290 3142 terris
311 3076 489 3157 notionem,
873 3081 1018 3164 genitor,
1040 3097 1228 3164 precamur,

193 3203 295 3289 Cujus
316 3202 485 3268 Johannes
872 3192 908 3249 ut
928 3184 961 3250 5¹¹
984 3184 1099 3268 (1⁰5¹)us
1121 3183 1270 3268 ffi'Plioei

193 3308 402 3372 mediastinus
873 3293 938 3351 1¹¹ae
961 3285 1114 3368 b⁰¹¹ii³iis

193 3412 252 3477 fuit
274 3429 402 3496 semper
424 3409 513 3476 felix.
873 3391 945 3476 eiu!
966 3389 1269 3472 ¹¹¹⁰¹1¹bfi⁸j¹¹¹¹⁰ios
1377 3407 1380 3413 “

873 3495 997 3578 foveas,
1020 3494 1053 3558 in
1076 3511 1140 3576 quo
1162 3492 1238 3574 tibi,
1392 3489 1435 3553 25

129 3601 160 3667 3.
192 3598 246 3665 Fit
267 3599 370 3684 patris
392 3617 459 3664 vox
482 3599 525 3664 ad
546 3598 645 3664 filium
872 3602 956 3666 hene
980 3597 1175 3682 complacuit

193 3705 393 3787 baptizatum
872 3703 967 3767 unico
989 3708 1066 3764 nato
1088 3707 1154 3763 tuo.

195 3815 227 3872 et
249 3806 379 3891 spiritus
397 3807 430 3870 in
453 3807 563 3891 specie
713 3807 753 3871 10

194 3909 358 3994 corporali

194 4012 279 4078 hunc
300 4011 410 4076 invisit
431 4018 467 4076 ut
488 4011 645 4094 columba,

807 3870 837 3932 7.
868 3863 960 3949 Ergo
982 3861 1207 3948 persolvamus

874 3970 998 4053 gratias
1021 3967 1084 4032 deo
1105 3965 1206 4051 patri,

873 4071 928 4156 qui
950 4086 1009 4134 nos
1032 4067 1210 4135 coheredes
1392 4063 1435 4128 30

126 4207 159 4270 p,
189 4203 363 4270 Mansurus
386 4220 485 4286 supel-
873 4177 998 4244 fecerat
1020 4171 1140 4242 Christi
1163 4173 1222 4257 sai,

196 4327 285 4389 eum,
307 4313 462 4370 uncturus
873 4290 907 4348 ei
928 4281 1069 4367 Pf⁰fflg⁰
1254 4377 1269 4395 .

193 4419 228 4476 et
248 4409 531 4494 praeconscrtibus.
872 4388 922 4452 sui
944 4385 1109 4469 'anguinis
1129 4387 1286 4471 Xptoco,

875 4489 1001 4576 spiritui

124 4606 157 4670 ὅ.
188 4601 255 4668 Res
277 4603 339 4666 ista
361 4608 454 4666 natos
477 4600 531 4664 dei
873 4613 1000 4679 quoqne
1023 4589 1130 4658 cordis
1152 4579 1279 4651 unctori
1387 4575 1430 4640 35

191 4704 351 4790 baptismo
372 4721 432 4768 nos
455 4702 561 4768 creari
869 4697 1052 4783 jubilemus.

212 4838 300 4891 Mene,
314 4833 399 4886 lateln.
414 4833 537 4892 Bymnen.
562 4830 583 4881 1.

1188 4792 1211 4856 c
