3324 5358
139 495 278 561 Reoolat
299 501 375 560 ante
397 495 505 560 omniu

140 600 213 684 pius
236 598 288 663 die
312 597 473 664 dominion

139 701 254 767 deoem
276 707 447 786 prseoepta
469 698 589 766 domini

132 805 360 888 urtioulosque
382 803 471 869 fidei.

138 985 290 1052 Renovet
312 992 346 1050 et
367 983 533 1050 memoriae

139 1094 345 1154 suorumentu
366 1086 534 1167 eoolesiae,

138 1211 214 1258 oum
236 1191 391 1256 similibus
414 1191 550 1272 ueteris,

138 1291 230 1360 fideli
252 1293 455 1360 neeessariis.

139 1474 283 1542 Maxime
305 1489 390 1536 nuno
412 1487 504 1536 mens
527 1473 662 1552 navent,

140 1599 182 1644 no
204 1578 317 1661 lingua
337 1575 456 1640 festum
478 1573 618 1658 polluat,

140 1679 310 1747 offendens
332 1673 444 1760 lingat
466 1673 601 1764 gunvius

141 1803 236 1868 quam
259 1801 409 1848 munuum
431 1779 594 1863 operibus

138 1958 327 2030 instandum
346 1957 417 2042 jam
440 1955 580 2022 alaorius

139 2067 202 2152 piis
225 2065 366 2144 notibus,
388 2061 541 2144 precibus

9 2227 10 2234 ,
141 2166 285 2246 devotis,
308 2161 474 2228 exercitiis

138 2269 325 2350 sumetisque
348 2261 529 2332 desideriis.

138 2449 281 2518 studeat
298 2449 370 2534 jam
392 2444 560 2530 praeuipue

136 2556 196 2640 piu
216 2569 307 2618 meus
330 2548 539 2630 requiescere

140 2655 315 2742 tranquilli
338 2651 538 2722 oonsoientib
629 2746 631 2756 Ι

138 2765 175 2829 in
198 2763 276 2845 deo,
301 2761 356 2843 qui
382 2766 432 2824 est
455 2757 570 2822 omnia.

141 2944 351 3028 Ooonpetque
374 2959 417 3004 ex
438 2939 568 3020 integro

8 3063 9 3080 ¹
140 3054 281 3112 mentem
304 3043 358 3107 dei
381 3041 528 3123 dileoti0,

141 3156 178 3216 ut
200 3165 291 3212 mens
313 3145 388 3210 haeo
409 3141 576 3208 sensibilia

135 3269 207 3318 uon
230 3251 357 3332 sentiat,
380 3256 415 3314 ut
436 3255 574 3313 mortun.

139 3435 277 3516 Penset,
301 3433 379 3516 quid
401 3433 458 3516 sit,
482 3447 546 3514 quo
568 3431 710 3514 venerit,

141 3541 195 3608 ubi
218 3541 268 3621 sit,
293 3558 351 3603 our
374 3544 486 3603 ereata
508 3538 559 3620 sit,

140 3661 294 3726 quorsum
318 3642 380 3706 erit
403 3648 436 3706 et
457 3639 597 3724 reditus,

142 3747 228 3810 votis
251 3745 375 3810 ouuotis
398 3751 431 3808 et
453 3743 588 3810 notibus.

140 3913 196 3983 Ex
218 3915 280 3981 deo
303 3917 337 3980 in
359 3916 522 3997 miserius,

142 4021 216 4088 luoe
239 4021 329 4085 venit
350 4021 385 4084 in
406 4022 576 4101 tenebras,

143 4150 217 4215 quae
240 4129 283 4194 ad
306 4128 359 4194 dei
380 4129 553 4210 imaginem

141 4234 231 4300 faeta
253 4241 286 4298 et
309 4231 553 4298 similitudinem.

142 4395 224 4464 llluo
245 4396 288 4462 sit
311 4395 382 4480 ejus
404 4392 544 4474 reditus,

142 4497 230 4564 uude
252 4498 354 4582 ipsius
377 4496 498 4578 exitus,

142 4607 242 4672 beata
265 4604 321 4686 sit,
344 4619 410 4668 uon
431 4601 562 4682 misera,

142 4707 252 4776 lueida
274 4707 330 4789 sit,
353 4722 420 4773 non
440 4703 562 4772 nubila.

822 493 1028 562 Recordetur
1049 495 1184 580 originis

822 617 892 664 suae
914 601 1028 684 primae
1050 599 1254 684 praeuobilis,

822 709 858 768 ut
880 719 917 766 se
939 701 1062 786 pudeat
1080 701 1197 768 vilibus
1411 699 1453 764 15

725 801 769 867 40
819 805 978 888 oooupari
1000 807 1218 872 terrestribus.

822 979 986 1066 Spiritalis
1004 981 1131 1066 origiue

822 1084 932 1148 divina
954 1091 1005 1149 est
1027 1091 1061 1150 et
1082 1103 1222 1167 genere,

821 1186 948 1252 iuuturn
970 1187 1168 1252 nobilissima

821 1290 1080 1374 angelorumque
1102 1290 1201 1356 sosia,
1407 1293 1452 1360 80

727 1467 769 1532 45
822 1469 927 1535 llomo
950 1489 1047 1554 quam
1069 1471 1112 1534 sit
1134 1471 1332 1558 praenobilis,

822 1579 948 1638 statura
970 1581 1129 1640 monstrat
1151 1577 1314 1660 eorporis,

822 1675 878 1758 qui
899 1682 1008 1740 reotus
1031 1684 1096 1740 stet
1117 1677 1272 1744 incedere

822 1787 934 1846 ereoto
958 1796 1084 1844 sursum
1106 1781 1223 1866 cupite.

821 1959 883 2030 Est
906 1962 1013 2027 lumen
1036 1961 1144 2028 vultus
1167 1962 1287 2028 domini
1407 1963 1451 2030 85

726 2055 768 2122 50
822 2082 883 2132 suo
904 2066 1098 2152 impressum
1119 2068 1234 2151 vultui,

822 2169 938 2233 mentis
956 2177 991 2234 ut
1013 2172 1054 2236 sit
1076 2169 1205 2254 effigies

822 2272 901 2335 viva
922 2271 1061 2336 hominis
1083 2274 1194 2338 furies.

823 2449 956 2518 luterus
978 2451 1138 2535 sapientia

791 2557 796 2562 “
823 2555 908 2620 faoie
932 2557 1019 2622 luoet
1042 2559 1084 2622 ab
1107 2563 1217 2639 extra,
1409 2557 1452 2622 00

729 2649 770 2714 55
825 2657 898 2742 quoe
922 2661 1014 2726 testis
1037 2668 1087 2725 est
1110 2658 1268 2741 exterius,

767 2759 772 2768 “
824 2763 922 2830 homo
945 2765 1050 2847 qualis
1072 2763 1215 2828 interius.

823 2939 884 3008 Est
907 2959 1035 3026 quoque
1059 2942 1137 3006 thau
1159 2939 1292 3007 vivifico

823 3045 995 3127 insignitus
1018 3044 1205 3130 signsoulo,

822 3147 966 3233 prodens
975 3167 1036 3231 per
1045 3147 1117 3230 hoo,
1142 3147 1230 3230 quod
1237 3147 1390 3234 propriu
1411 3149 1452 3213 95

728 3246 769 3309 00
822 3252 864 3315 sit
887 3250 1033 3318 oruoifixi
1055 3252 1214 3317 servulus.

824 3431 1024 3498 Praeseutem
1047 3449 1138 3496 meus
1161 3431 1321 3498 dominioa

825 3543 992 3619 eomparet
1015 3535 1058 3600 ad
1079 3537 1264 3620 praeterita,

824 3647 955 3722 penset,
980 3646 1132 3722 quantum
1154 3635 1346 3722 profecerit,

825 3747 978 3823 quantum
1001 3757 1130 3822 quoque
1153 3737 1320 3802 defecerit.
1390 3737 1453 3802 100

730 3915 771 3977 65
825 3915 915 3980 Malu
938 3914 1104 3978 detestans
1128 3917 1261 3992 ouveat,

826 4021 914 4084 bona
938 4033 1072 4079 servare
1096 4011 1225 4076 studeat

827 4121 1064 4198 instantemque
1089 4111 1326 4180 hebdomadum

827 4241 946 4288 novam
968 4227 1060 4305 putet
1081 4219 1232 4284 militiam

825 4387 940 4455 lntime
963 4403 1093 4468 quoque
1115 4383 1271 4467 gaudeat,
1391 4380 1455 4445 lot

730 4491 772 4556 'lo
828 4491 916 4575 quod
939 4489 1047 4555 udhuo
1069 4497 1196 4572 tempus
1218 4487 1352 4567 babeat,

825 4594 1011 4682 proiectum
1033 4611 1132 4678 posse
1154 4592 1266 4676 iuuere

828 4707 895 4766 tum
916 4699 1034 4784 gratioe
1059 4714 1155 4781 quam
1174 4692 1303 4778 ¹gloriae.
