3316 5358
1380 327 1447 394 ⁴1⁸

159 542 164 550 -
220 512 254 571 V.
270 513 314 568 23.
340 509 500 582 Quamlibet
515 509 633 580 longum
651 503 739 562 fuerit
756 509 865 579 tempus
883 509 952 564 vitae
970 511 1129 582 promtis,
1147 527 1184 568 oo
1201 513 1265 585 im
1283 513 1373 572 breve
1386 517 1441 586 ut,

134 619 190 676 quo
208 616 375 674 permanens
394 615 450 654 non
468 601 520 652 est.
557 596 667 666 (ἔνεμον.
684 595 720 650 Μ.
738 611 807 650 mor.
825 598 869 664 23,
887 599 930 651 22.

221 689 254 746 V.
272 691 332 744 130.
355 688 455 744 suetos
469 686 585 756 (etim)
606 681 686 740 duris
702 681 822 738 vinculis
840 683 870 738 in
887 684 941 738 hac
959 684 1019 740 vita
1032 701 1091 740 suae
1104 685 1236 742 molestie
1249 687 1443 760 corruptioni:

130 778 212 852 ligat
248 776 359 847 ἄνεμον.
376 775 412 854 Μ.
429 788 499 830 mor.
516 774 545 843 4,
561 772 605 828 68.

487 1110 575 1184 299.
608 1105 794 1182 meditatio
820 1107 943 1180 animae
965 1101 1090 1180 fidelis.

198 1331 228 1402 1.
260 1329 318 1404 De
336 1337 542 1428 ‘contemptu
569 1327 700 1402 mundi.

132 1481 214 1548 Cum
235 1482 374 1548 revolvo
396 1489 466 1548 toto
489 1481 606 1565 eorde,

131 1587 165 1652 in
188 1605 253 1668 qua
274 1585 411 1651 mundus
433 1593 543 1650 manet
565 1583 683 1668 sorde,

133 1696 222 1755 totus
244 1690 381 1755 mundus
404 1690 498 1756 eordi
519 1688 634 1755 sordet

131 1800 166 1858 et
189 1811 246 1858 eor
268 1799 371 1860 totum
396 1813 434 1858 se
456 1791 632 1862 remordet.

131 1971 213 2056 Qum
235 1973 373 2040 revolvo
395 1982 503 2040 mente
525 1993 626 2060 pura,
742 1975 761 2040 5

130 2097 228 2160 quam
251 2080 294 2142 sit
316 2098 404 2142 vana
425 2077 536 2140 mundi
558 2097 654 2159 eura,

131 2187 168 2243 ut
189 2197 280 2242 mens
303 2178 410 2262 possit
431 2194 469 2242 se
491 2193 623 2260 eume,

130 2300 243 2347 euram
265 2279 376 2346 mundi
396 2280 469 2346 vult
490 2277 617 2363 fugare.
748 2327 750 2335 -

131 2460 215 2527 Dum
236 2459 395 2540 reeordor
416 2483 501 2548 pura
524 2470 647 2548 mente,

130 2565 220 2632 eadit
242 2565 380 2631 mundus
404 2587 500 2650 quam
521 2575 674 2652 repente,
721 2567 762 2632 10

132 2689 175 2734 ne
197 2687 291 2734 mens
309 2670 409 2736 eadat
430 2691 503 2738 eum
526 2671 675 2756 cadente,

131 2769 283 2838 mundum
305 2773 389 2856 fugit
410 2793 502 2838 mens
523 2781 656 2840 attente.

130 2947 214 3018 Cum
236 2953 394 3018 reeordor
416 2962 523 3019 mente
546 2974 642 3040 sane,

129 3057 293 3140 quamsit
315 3055 412 3121 stulta
436 3072 514 3140 spes
536 3057 707 3143 mundana,

132 3179 154 3223 a
175 3177 235 3242 spe
257 3165 397 3224 mentem
421 3160 463 3223 ad
485 3178 576 3244 spem
598 3168 694 3226 verto
718 3163 759 3226 15

127 3268 167 3336 et
189 3280 282 3346 spem
303 3261 413 3328 mundi
435 3281 494 3348 spe
517 3265 682 3360 subverte.
732 3261 734 3266 ’

130 3443 214 3511 Cum
235 3447 408 3530 recordor,
431 3449 541 3514 mundi
565 3467 644 3515 eura

130 3569 228 3633 quam
250 3551 292 3613 sit
313 3549 427 3634 prava,
452 3554 611 3633 quamsit
634 3551 725 3636 dura,

130 3655 247 3718 mentis
269 3673 346 3719 reor
368 3673 443 3718 esse
466 3655 567 3738 durae,

132 3757 187 3840 qui
209 3759 269 3822 sub
291 3755 401 3821 mundi
422 3757 504 3820 vivit
517 3756 603 3841 jure.
718 3761 760 3823 20

131 3935 213 4003 Cum
235 3937 393 4002 recordor
415 3938 525 4002 mundi
545 3939 675 4004 laudem

129 4047 166 4104 et
187 4039 357 4105 mundanae
383 4039 489 4105 laudis
513 4042 676 4127 fraudem,

127 4143 203 4208 laus
226 4149 259 4207 et
281 4144 370 4209 fraus
392 4145 426 4209 in
449 4145 558 4210 cordis
581 4165 640 4212 ore
746 4161 751 4170 ’

125 4246 217 4313 idem
239 4255 335 4312 sonat
356 4267 421 4314 uno
443 4267 543 4314 more.

128 4428 214 4496 Gum
236 4430 395 4497 recordor
416 4433 525 4498 mundi
547 4434 671 4499 fruetus
719 4437 761 4498 25

128 4542 166 4599 et
188 4535 336 4618 ejusdem
358 4555 463 4620 penso
485 4538 613 4622 luetus5

129 4639 181 4704 sie
204 4647 254 4705 est
276 4643 353 4705 mihi
375 4643 499 4707 fruetus
524 4641 609 4726 ejus,

129 4746 168 4808 'ut
191 4743 233 4808 sit
253 4744 372 4812 mundo
395 4748 475 4812 nihil
496 4747 602 4832 pejus.

813 1320 895 1388 Oum
917 1322 1076 1388 recordor
1097 1323 1208 1392 mundi
1229 1325 1343 1392 florem

813 1433 848 1490 et
869 1443 964 1508 quem
986 1426 1088 1492 habet
1107 1425 1170 1494 flos
1191 1429 1336 1517 oderem,
1398 1429 1442 1496 ³0

812 1535 921 1592 tantus
944 1527 1039 1592 dolor
1062 1538 1113 1595 eet
1134 1532 1167 1596 in
1189 1531 1289 1618 flore,

813 1638 850 1696 ut
871 1647 937 1696 non
959 1631 1001 1696 sit
1024 1632 1086 1698 flos
1106 1634 1141 1698 in
1163 1635 1275 1702 odore.

814 1791 896 1862 Cum
919 1797 1078 1864 recorder
1100 1799 1170 1866 dies
1191 1803 1313 1884 breves

814 1908 848 1965 et
869 1901 1029 1968 recordor
1051 1901 1122 1968 dies
1144 1905 1253 1990 leves,
1371 1971 1376 1980 ,

814 2027 918 2089 grave
941 2005 986 2090 fit,
1011 2007 1099 2092 quod
1120 2010 1180 2076 fuit
1202 2010 1293 2095 leve,
1399 2013 1443 2077 35

814 2113 848 2170 et
869 2107 906 2171 fit
928 2109 1069 2195 longum,
1089 2109 1177 2194 quod
1199 2120 1251 2178 est
1273 2115 1385 2178 breve.

900 2297 950 2370 ll.
981 2300 1041 2376 De
1068 2303 1189 2374 timore
1216 2305 1347 2376 mortis.

814 2465 896 2540 Oum
917 2475 1076 2543 reeordor
1099 2477 1184 2542 diem
1206 2480 1318 2546 mortis

814 2587 848 2644 et
870 2587 1025 2646 extremae
1048 2581 1133 2646 diem
1157 2581 1270 2668 sortis,

814 2684 862 2750 sie
883 2703 935 2749 me
957 2687 1158 2751 terrentisti
1181 2685 1267 2772 dies,

813 2795 849 2854 ut
871 2789 913 2854 sit
934 2789 1011 2854 mihi
1032 2790 1122 2856 nulla
1144 2792 1244 2872 quies.
1397 2795 1442 2860 40

814 2965 896 3032 Cum
917 2969 1075 3037 recordor
1097 2970 1184 3053 quod
1207 2989 1278 3036 num
1300 2971 1383 3038 einis

814 3079 848 3138 et
870 3073 957 3155 quod
979 3074 1044 3139 eito
1066 3077 1159 3140 venit
1180 3075 1270 3160 finis,

814 3177 883 3240 sine
906 3175 971 3240 fine
993 3177 1188 3260 pertimesco

813 3287 847 3344 et
868 3287 904 3345 ut
928 3281 1009 3346 cinis
1032 3281 1222 3365 refrigeseo.

815 3459 896 3526 Cum
918 3461 1077 3552 reeerdor
1098 3465 1282 3552 moriturus,
1396 3465 1441 3530 45

814 3563 893 3646 quid
914 3571 1148 3646 postmortem
1170 3567 1230 3628 sim
1252 3565 1389 3648 futurus,

813 3674 918 3732 terret
939 3687 990 3732 me
1013 3676 1120 3734 terror
1141 3677 1310 3749 venturus,

815 3791 909 3855 quem
931 3781 1089 3857 exspeeto
1110 3792 1176 3839 non
1199 3791 1343 3839 securus.

816 3953 933 4019 'ferret
954 3975 1006 4020 me
1030 3953 1099 4018 dies
1122 3953 1274 4037 tenone,

814 4061 874 4126 irae
897 4060 966 4125 dies
990 4070 1023 4125 et
1045 4059 1174 4152 furoris,
1400 4059 1444 4124 5⁰

816 4165 886 4228 dies
908 4165 1013 4230 luctus
1037 4171 1070 4228 et
1092 4164 1255 4249 moeroriS,

815 4269 886 4334 dies
907 4263 1007 4334 ulteix
1029 4269 1222 4353 peccatoris.

879 4463 949 4533 ΙΙΙ.
978 4460 1036 4533 De
1060 4463 1213 4534 adventu
1232 4459 1381 4558 judicis.

814 4641 1012 4725 Expavesee
1035 4639 1163 4722 quidem
1181 4635 1314 4702 multum

816 4746 945 4811 venturi
964 4744 1084 4828 judicis
1106 4743 1238 4824 vultum,
