3324 5358
218 335 284 404 288

219 525 275 591 Me
299 523 488 609 despectum
510 521 671 586 hominem
900 519 933 582 in
955 517 1038 586 hora
1061 516 1212 584 sacrificii

265 627 410 710 digneris
433 625 588 690 exaudire
944 622 1007 686 mei
1028 629 1230 688 mementote.

219 739 308 799 tuam
332 739 365 797 et
385 730 588 798 dulcedinem

263 835 391 916 largam
413 832 467 898 fac
488 851 540 896 me
564 831 694 896 sentire·
805 831 848 894 40
899 781 1059 848 Divinitas
1082 783 1252 948 altissim?

944 904 1115 968 supernae
1138 885 1226 949 inten
1250 905 1283 968 e,

220 996 266 1066 Ut
288 1002 420 1062 sanatus
442 993 555 1078 hodie,
901 988 983 1053 hora
1004 997 1071 1054 tam
1094 990 1297 1053 sanctissima
1487 990 1530 1052 55

264 1109 387 1186 praesta
408 1099 473 1164 hoe
495 1083 587 1182 mihi,
611 1098 707 1179 dens,
944 1093 1022 1156 mihi
1044 1091 1279 1158 condescende.

221 1213 256 1274 et
277 1207 310 1270 in
333 1213 388 1270 tua
409 1204 493 1269 lacis

265 1309 308 1373 sit
330 1307 449 1376 ardens
471 1325 562 1372 amor
580 1325 677 1371 meus·
790 1284 831 1350 ,·
900 1255 988 1323 Ecce
1006 1276 1077 1340 Jam
1099 1253 1246 1322 subhmra

945 1359 1120 1444 conjuncta
1142 1357 1223 1422 fiunt
1244 1358 1332 1440 imis,

222 1471 272 1540 Tu
292 1493 397 1538 meam
419 1471 577 1536 desidiam
805 1473 847 1538 45
901 1461 945 1528 ad
966 1464 1041 1528 loca
1062 1463 1194 1528 humilia

265 1583 299 1640 ct
320 1574 506 1658 scrupulum
529 1574 650 1638 erroris
944 1587 1005 1631 rex
1026 1565 1163 1650 pulcher
1181 1565 1257 1629 veni
1277 1565 1379 1630 nimis,
1488 1565 1530 1627 60

221 1698 283 1766 per
305 1684 502 1762 praesentem
524 1677 662 1760 gratiam

265 1779 382 1864 procul
399 1779 524 1862 repelle
543 1779 632 1843 foris.
901 1731 951 1796 ⁰³
974 1731 1091 1795 mereri
1113 1731 1253 1813 &fallam

945 1844 1011 1901 tuae
1034 1835 1225 1900 donationis.

223 1940 374 2008 Ooelestis
397 1943 480 2008 aulae
502 1944 605 2009 nuntii
903 1939 1050 2004 obtinere
1071 1939 1209 2021 gloriam

265 2052 447 2130 praesentes
469 2044 522 2112 hio
544 2051 667 2127 estote,
808 2035 849 2108 66
949 2049 982 2108 et
1003 2043 1109 2108 locum
1131 2042 1313 2107 mansionis.

313 2226 507 2282 lleichenauer
524 2227 605 2297 Pap·
594 2226 653 2280 -lls
671 2224 724 2280 No.
743 2224 787 2279 36.
804 2221 823 2278 f.
841 2224 883 2278 lt).

308 2349 494 2420 leoncupivi
511 2349 559 2404 Hs.
594 2348 682 2420 'tqni
700 2346 772 2402 fehlt
789 2347 836 2402 ils.
872 2345 1031 2416 Simplens
1050 2345 1131 2400 donis
1150 2347 1197 2402 Hs
1232 2350 1268 2402 27
1286 2351 1377 2404 totum
1398 2365 1442 2404 me
1464 2365 1534 2406 con·

220 2435 316 2490 sidera
339 2437 386 2491 lls.
421 2438 457 2491 33
481 2452 499 2492 o
522 2433 565 2491 fili
589 2435 635 2491 dei
657 2436 732 2493 bone
755 2435 803 2492 lls
838 2436 873 2490 35
897 2449 948 2488 am
973 2433 1013 2487 sis
1037 2433 1085 2488 lis.
1128 2435 1166 2490 36
1187 2435 1256 2489 mihi
1280 2435 1327 2491 Hs
1363 2435 1397 2491 58
1422 2433 1534 2492 suntf.
1651 2439 1652 2452 ¹

220 2517 293 2578 fiunt
308 2521 356 2579 Hs.

304 2645 341 2701 V.
359 2647 434 2701 49-
442 2647 485 2700 52
515 2643 628 2701 Auxilio
649 2613 694 2700 dei
712 2659 764 2716 per
782 2644 874 2700 bonos
899 2643 1027 2698 homines
1053 2648 1083 2698 et
1107 2644 1198 2700 bonos
1223 2643 1343 2716 angelos
1366 2645 1534 2717 indigemus.

222 2731 357 2802 Aequitio.
375 2732 430 2787 div.
449 2737 545 2802 quaest
564 2734 607 2787 τι),

311 2818 345 2874 V
363 2820 405 2872 st.
423 2820 464 2874 58.
491 2820 546 2874 Per
563 2819 633 2873 illud
651 2819 798 2890 singulare
817 2814 999 2886 sacrificium,
1016 2817 1045 2872 in
1065 2834 1121 2888 quo
1140 2795 1279 2876 mediator
1298 2825 1342 2877 est
1361 2821 1536 2890 immolatus,

221 2907 406 2982 pacificantur
431 2908 561 2964 coelestia
584 2925 646 2964 cum
669 2908 854 2964 terrestribus
879 2913 908 2963 et
933 2907 1083 2963 terrestria
1107 2920 1169 2964 cum
1193 2909 1363 2966 coelestibus.
1398 2909 1535 2980 laquem.

222 2997 355 3052 enchirid.
374 2997 416 3052 16.
444 2996 554 3066 dolose.
573 2999 598 3068 1,
617 2998 658 3050 19.
676 2997 718 3052 20.

311 3084 343 3140 V.
362 3086 404 3140 64.
432 3084 482 3140 Bei
500 3085 630 3141 Bernord.
651 3101 715 3156 opp.
732 3089 759 3156 2,
778 3085 838 3140 898.
857 3088 889 3140 ut
907 3085 988 3158 detur
1005 3085 1058 3140 tibi
1074 3085 1190 3164 mansio.
1226 3085 1307 3139 Naoh
1324 3084 1387 3141 Joh.
1407 3085 1450 3154 16,
1468 3087 1495 3142 8.

310 3208 374 3262 Von
392 3207 497 3262 diesem
513 3207 598 3264 hiede
615 3207 655 3263 ist
673 3207 723 3262 das
740 3203 876 3282 folgende
893 3207 956 3262 eine
971 3224 1004 3263 so
1017 3208 1099 3266 stark
1112 3207 1314 3264 abweichende
1328 3207 1533 3282 Bearbeituug5

224 3293 291 3348 dass
315 3309 380 3348 man
403 3294 485 3348 heide
508 3294 585 3350 nicht
608 3295 669 3350 wol
692 3294 847 3362 versweise
871 3295 1055 3365 vergleichen
1079 3295 1170 3362 kann,
1202 3294 1324 3349 sondern
1341 3295 1441 3350 besser
1456 3296 1533 3368 thut,

220 3395 307 3436 wenn
324 3397 388 3436 man
406 3382 447 3436 sie
465 3382 555 3438 neben
571 3382 704 3438 einander
721 3382 808 3451 stellt,
827 3398 872 3437 um
890 3381 952 3436 ihre
966 3380 1161 3454 Abweichung
1174 3381 1298 3438 deutlich
1311 3399 1346 3438 nu
1367 3383 1533 3439 erhennenh

390 3719 478 3794 225.
514 3717 641 3792 Oratio
665 3728 745 3790 ante
773 3717 1002 3824 elevationem
1030 3717 1189 3814 eorporis
1218 3713 1362 3790 Christi.

223 3939 251 4007 0
274 3939 412 4006 colenda
435 3939 555 4026 deitas,
903 3937 1089 4003 Visitarnos
1113 3925 1228 4002 hodie¹

265 4051 300 4108 te
321 4043 439 4108 invoco
462 4045 495 4108 in
518 4043 600 4128 fide,
945 4043 1057 4108 intuo
1081 4042 1225 4124 salutari,
1278 4063 1281 4068 ’
1489 4044 1533 4108 16

222 4166 244 4214 o
267 4147 405 4212 amanda
426 4149 570 4232 bonitas,
805 4196 807 4200 .
904 4145 996 4230 cujus
1018 4164 1078 4210 nos
1101 4147 1288 4230 praesentiae

266 4270 352 4317 nuno
374 4251 450 4316 audi
470 4273 523 4316 me
546 4259 579 4317 et
601 4251 693 4316 vide!
946 4249 1001 4314 fao
1023 4249 1122 4333 digne
1143 4251 1347 4337 praesentari.

223 4415 302 4481 Tuae
325 4412 522 4480 celsitudinis
830 4415 849 4476 5
904 4409 970 4475 Cor
993 4414 1117 4478 caelesti
1139 4413 1237 4498 adipe

266 4538 352 4586 nunc
370 4519 485 4585 coelnm
507 4517 561 4583 hio
581 4523 746 4600 patescat,
946 4516 1000 4580 iao
1021 4523 1166 4581 nostrum
1188 4516 1386 4601 inpinguari,

221 4621 329 4692 lumen
351 4623 399 4690 tui
419 4622 546 4687 luminis
902 4621 978 4704 igne
1001 4627 1057 4682 tuo
1079 4619 1224 4701 praecipe
1489 4619 1533 4684 15

233 4803 235 4810 y
259 4721 331 4806 jam
354 4742 452 4807 super
477 4740 537 4788 nos
560 4721 777 4808 splendescat.
945 4724 979 4789 id
1001 4724 1106 4807 ipsum
1127 4723 1325 4790 inflammari.
