3316 5358
1382 322 1457 392 *111

12 463 13 486 ἦ
142 502 253 573 Grepor.
269 499 335 558 Nor.
351 501 426 556 orat.
443 499 485 556 15.
502 512 530 572 p.
547 497 610 556 2³0.
645 491 798 561 &mis
824 517 877 556 οαο
902 493 921 572 ἦ
948 503 1051 575 uptote,
1077 495 1221 574 ἅλάθηαόν
1247 522 1299 560 m
1325 500 1357 560 τὸ
1374 501 1452 580 βῆμα

141 591 325 662 ταχοολογίας,
343 585 376 644 οὐ
394 585 514 664 ρητόρων
532 581 687 658 πιθανότης
705 587 869 655 κλέπτουσα,
887 583 921 644 οὐ
939 586 1086 666 μαρτύρων
1104 588 1208 664 σκῆψις
1225 588 1451 670 παρακροῦοαοα.

143 679 265 734 Triods'oo
290 676 331 746 (i,
347 679 374 731 2.
417 676 472 732 ἐκεῖ
487 673 535 732 τὸν
552 675 640 752 μέγαν
657 670 751 756 κριτὴν
774 669 808 731 οὔ
826 675 1039 752 παραλογίζεται
1057 673 1178 756 ῥητόρων
1195 681 1282 752 τέχνη.
1319 679 1451 753 Corytost.

11 829 12 852 χ
142 761 177 822 de
193 767 290 837 poenit
308 767 335 835 7,
352 763 377 818 6.

503 1097 591 1174 298.
627 1095 768 1171 Versus
795 1091 840 1172 tle
862 1098 934 1170 vita
958 1095 1088 1170 mnndi.

140 1301 227 1387 Heu,
250 1303 315 1370 hen
336 1306 423 1370 maia
445 1305 555 1370 mnndi
576 1306 661 1391 vta,

140 1425 242 1490 qnare
265 1427 318 1472 me
341 1407 486 1472 delectas
508 1408 578 1472 itai

141 1529 213 1576 oum
235 1528 300 1574 non
322 1511 428 1594 possis
450 1529 575 1576 meeum
597 1517 702 1595 stare,

140 1612 218 1696 qnid
239 1633 291 1678 me
316 1615 408 1697 cogis
432 1621 465 1680 te
488 1615 625 1682 amanei

138 1815 220 1903 Heu,
243 1819 308 1885 hen
329 1821 399 1886 vita
416 1821 570 1906 fugitiva,
684 1835 687 1840 '
745 1823 766 1887 t

139 1924 225 1988 amni
247 1921 319 1988 fera
339 1925 414 2008 plns
436 1927 571 2010 nooiva,

138 2044 211 2090 oum
233 2033 346 2090 tenero
368 2035 402 2090 te
424 2047 490 2092 non
511 2048 643 2114 queam,

138 2146 196 2193 our
219 2128 347 2192 sedunis
370 2136 510 2202 mentem
531 2131 662 2198 mermi

137 2332 226 2418 Heu,
249 2334 314 2401 heu
337 2337 420 2420 vita,
443 2353 532 2403 mors
554 2339 723 2424 vooanda,

138 2438 294 2523 odienda,
317 2459 383 2506 non
405 2443 559 2528 manda,
724 2446 766 2512 1ss

137 2559 210 2611 oum
232 2545 266 2608 in
288 2552 322 2610 to
344 2547 409 2612 sint
430 2549 520 2625 nulia
541 2552 647 2636 bona,

138 2665 197 2714 our
219 2657 377 2732 exspecto
399 2658 456 2718 tua
477 2652 593 2720 donat

137 2853 215 2922 Vita
237 2857 346 2922 mnndi
368 2879 422 2923 res
444 2863 613 2946 morbosa,

137 2959 242 3042 magis
264 2959 391 3042 fragilis
409 2981 506 3044 qnam
527 2981 621 3045 rosa,

138 3080 210 3126 onn
231 3063 277 3126 sis
300 3081 430 3147 semper
451 3065 634 3150 lacrimosa,
723 3067 765 3132 15

138 3181 197 3228 our
220 3183 255 3228 es
277 3166 353 3230 mihi
376 3167 547 3249 gratiosa?

138 3371 216 3438 Vita
238 3375 347 3439 mundi
368 3397 423 3441 res
445 3377 582 3466 laboris,

137 3478 250 3560 anxia,
273 3479 371 3561 plena
394 3479 532 3564 doloris,

137 3599 209 3646 oum
231 3581 277 3644 sis
300 3601 430 3666 semper
451 3584 484 3647 in
505 3584 681 3672 languore,

136 3702 196 3752 our
218 3703 279 3768 pro
302 3692 335 3750 te
358 3706 427 3753 sum
450 3687 483 3752 in
505 3691 672 3756 moeroroi
721 3692 764 3757 20

133 3889 212 3954 Vita
233 3891 343 3960 mnndi
363 3912 451 3960 mors
474 3894 600 3981 futura,

131 3993 335 4061 incessanter
356 3999 497 4084 ruitura,

133 4115 207 4162 oum
228 4099 261 4162 in
283 4102 377 4166 brevi
399 4103 443 4168 sis
466 4123 634 4190 mansura,

133 4201 210 4284 quid
233 4209 284 4268 est
304 4205 382 4269 mihi
405 4205 446 4272 de
469 4215 503 4274 te
525 4210 630 4278 aurai

130 4405 210 4473 Vita
231 4409 340 4476 mundi
362 4431 417 4476 res
439 4413 578 4499 oaduoa,
716 4420 759 4484 25

128 4510 228 4575 vilior
250 4512 314 4580 una
335 4513 476 4602 fossart,

128 4633 297 4680 venenosa
318 4619 392 4702 plns
414 4629 585 4708 serpente,

129 4735 189 4782 our
209 4718 244 4784 in
265 4740 472 4792 mea-manes
493 4725 629 4796 montet

820 1301 898 1369 Vita
920 1303 1030 1368 mnndi
1050 1323 1105 1368 res
1127 1305 1286 1391 maligna,

819 1412 856 1470 nt
878 1406 1005 1488 ameris,
1028 1425 1189 1488 nunqnam
1208 1407 1317 1494 digna,

820 1509 898 1594 qnid
919 1517 1015 1596 putas
1038 1511 1097 1576 tibi
1118 1511 1294 1597 prodesse,

820 1615 849 1680 si
869 1634 921 1680 mo
944 1615 1045 1680 duoas
1067 1613 1110 1680 ad
1131 1634 1196 1681 non
1220 1617 1319 1682 essei

818 1819 896 1887 vita
917 1821 1027 1887 mnndi
1047 1841 1102 1886 res
1125 1821 1281 1910 erudelis,

819 1943 978 2008 arrogans
1002 1931 1036 1990 et
1057 1925 1218 2013 infidelis,

819 2028 895 2118 qnid
918 2037 950 2093 te
973 2036 1070 2114 putas
1093 2029 1267 2115 adjuvare,

818 2134 847 2197 si
869 2136 1047 2217 compellas
1069 2155 1121 2200 nne
1142 2133 1309 2222 peooare't

818 2333 896 2401 Vita
916 2337 1026 2400 mnndi
1050 2355 1105 2400 res
1126 2337 1271 2420 misella,

818 2439 978 2506 soelernm
1001 2447 1190 2508 onnotornm
1212 2441 1314 2527 oelia,

817 2541 1010 2608 fornicatrix
1032 2549 1066 2608 et
1084 2562 1203 2627 avara,

818 2665 877 2716 tarr
898 2645 1030 2712 haberis
1053 2665 1193 2729 unquam
1211 2646 1314 2714 rarat

818 2851 895 2920 Vita
917 2855 1027 2920 mundi
1048 2857 1150 2940 pestis
1169 2855 1265 2940 dura,

816 2959 885 3024 vita
906 2960 1046 3026 mendax
1067 2968 1103 3025 et
1123 2961 1259 3044 perjura

817 3080 890 3126 oum
912 3068 947 3126 tn
972 3062 1017 3124 sis
1038 3063 1108 3126 sine
1130 3081 1296 3144 mensura,

817 3164 895 3248 qnid
916 3165 1055 3248 requiris
1076 3166 1110 3230 in
1132 3185 1183 3230 nra
1202 3165 1305 3248 jura?

817 3369 896 3436 Vita
917 3369 1027 3434 mnndi
1047 3389 1102 3434 res
1126 3372 1262 3456 aoerba,

818 3471 1040 3538 oonouloanda
1062 3473 1144 3536 siout
1166 3471 1286 3554 herba,

818 3593 892 3640 oum
913 3576 957 3638 sis
979 3574 1072 3638 naalia
1091 3573 1269 3658 sitibunda,

818 3679 895 3763 quid
916 3698 968 3742 me
989 3678 1075 3764 petis
1097 3677 1294 3744 furibundai

815 3887 894 3956 Vita
914 3889 1024 3954 mundi
1044 3907 1099 3952 res
1122 3886 1268 3972 deserta,

814 3989 917 4059 fallax
939 3994 1032 4057 nimis
1053 4001 1087 4058 et
1108 3994 1250 4078 incerta,
1397 3997 1447 4096 50Ι

764 4161 767 4166 ,
815 4114 888 4161 oum
910 4102 944 4160 tn
967 4096 1012 4158 sis
1033 4095 1154 4160 vermis
1178 4103 1211 4160 et
1234 4096 1332 4180 einis,

813 4199 891 4284 quid
907 4189 955 4302 ,ie
977 4220 1029 4271 me
1053 4199 1227 4286 quidquam
1249 4200 1390 4268 definis‘i

810 4408 889 4476 Vita
910 4407 1020 4472 mundi
1041 4427 1096 4472 res
1118 4409 1258 4492 polluta,

810 4529 914 4595 vaga,
940 4511 1089 4594 garrula,
1112 4512 1234 4593 solnta,

813 4634 887 4694 euni
910 4615 954 4677 sis
976 4620 1046 4678 tota
1067 4613 1165 4696 plena
1186 4612 1298 4696 nugis,
1395 4615 1440 4680 rt

812 4730 928 4790 eontra
947 4738 1001 4784 me
1020 4735 1083 4784 eur
1101 4716 1202 4784 stulta
1223 4717 1343 4801 rngisi
