<?xml version="1.0" encoding="UTF-8"?>
<!DOCTYPE html PUBLIC "-//W3C//DTD XHTML 1.0 Transitional//EN"
    "http://www.w3.org/TR/xhtml1/DTD/xhtml1-transitional.dtd">
<html xmlns="http://www.w3.org/1999/xhtml" xml:lang="en" lang="en">
 <head>
  <title>
</title>
<meta http-equiv="Content-Type" content="text/html;charset=utf-8" />
  <meta name='ocr-system' content='tesseract 3.04.00' />
  <meta name='ocr-capabilities' content='ocr_page ocr_carea ocr_par ocr_line ocrx_word'/>
</head>
<body>
  <div class='ocr_page' id='page_1' title='image "./hymnilatinimedi01monegoog_0130.png"; bbox 0 0 3282 5370; ppageno 0'>
   <div class='ocr_carea' id='block_1_1' title="bbox 126 511 1214 841">
    <p class='ocr_par' dir='ltr' id='par_1_1' title="bbox 126 511 1214 841">
     <span class='ocr_line' id='line_1_1' title="bbox 126 511 1214 615; baseline -0.019 -12"><span class='ocrx_word' id='word_1_1' title='bbox 126 541 165 603; x_wconf 83' lang='lat' dir='ltr'><strong>nt</strong></span> <span class='ocrx_word' id='word_1_2' title='bbox 188 533 232 598; x_wconf 83' lang='lat' dir='ltr'><strong>sis</strong></span> <span class='ocrx_word' id='word_1_3' title='bbox 254 531 349 598; x_wconf 85' lang='lat' dir='ltr'><strong>nobis</strong></span> <span class='ocrx_word' id='word_1_4' title='bbox 372 529 542 615; x_wconf 81' lang='lat' dir='ltr'><strong>propitius,</strong></span> <span class='ocrx_word' id='word_1_5' title='bbox 811 511 866 595; x_wconf 79' lang='lat' dir='ltr'><strong>qui</strong></span> <span class='ocrx_word' id='word_1_6' title='bbox 889 529 948 578; x_wconf 83' lang='grc' dir='ltr'><strong>ιιιο</strong></span> <span class='ocrx_word' id='word_1_7' title='bbox 970 525 1030 578; x_wconf 78' lang='lat' dir='ltr'><strong>not</strong></span> <span class='ocrx_word' id='word_1_8' title='bbox 1052 513 1214 598; x_wconf 79' lang='lat' dir='ltr'><strong>supplicio</strong></span> 
     </span>
     <span class='ocr_line' id='line_1_2' title="bbox 126 615 1143 726; baseline -0.023 -21"><span class='ocrx_word' id='word_1_9' title='bbox 126 646 165 706; x_wconf 91' lang='lat' dir='ltr'><strong>nt</strong></span> <span class='ocrx_word' id='word_1_10' title='bbox 187 656 249 721; x_wconf 89' lang='lat' dir='ltr'><strong>per</strong></span> <span class='ocrx_word' id='word_1_11' title='bbox 270 642 359 726; x_wconf 82' lang='lat' dir='ltr'><strong>tuam</strong></span> <span class='ocrx_word' id='word_1_12' title='bbox 382 631 585 696; x_wconf 84' lang='lat' dir='ltr'><strong>clementiam</strong></span> <span class='ocrx_word' id='word_1_13' title='bbox 810 615 948 682; x_wconf 78' lang='lat' dir='ltr'><strong>redemit</strong></span> <span class='ocrx_word' id='word_1_14' title='bbox 971 619 1012 684; x_wconf 85' lang='lat' dir='ltr'><strong>ab</strong></span> <span class='ocrx_word' id='word_1_15' title='bbox 1035 619 1143 684; x_wconf 83' lang='lat' dir='ltr'><strong>exitio.</strong></span> 
     </span>
     <span class='ocr_line' id='line_1_3' title="bbox 127 733 1126 841; baseline -0.019 -35"><span class='ocrx_word' id='word_1_16' title='bbox 127 738 292 826; x_wconf 84' lang='lat' dir='ltr'><strong>perduces</strong></span> <span class='ocrx_word' id='word_1_17' title='bbox 315 753 375 801; x_wconf 85' lang='lat' dir='ltr'><strong>nos</strong></span> <span class='ocrx_word' id='word_1_18' title='bbox 398 733 442 799; x_wconf 88' lang='lat' dir='ltr'><strong>ad</strong></span> <span class='ocrx_word' id='word_1_19' title='bbox 463 733 609 819; x_wconf 81' lang='lat' dir='ltr'><strong>glorium</strong></span> <span class='ocrx_word' id='word_1_20' title='bbox 809 753 914 841; x_wconf 58' lang='lat' dir='ltr'>Laus,</span> <span class='ocrx_word' id='word_1_21' title='bbox 937 753 1042 824; x_wconf 59' lang='lat' dir='ltr'><strong>honor</strong></span> <span class='ocrx_word' id='word_1_22' title='bbox 1064 765 1126 824; x_wconf 46' lang='lat' dir='ltr'><strong>ew·</strong></span> 
     </span>
    </p>
   </div>
   <div class='ocr_carea' id='block_1_2' title="bbox 125 869 1271 1060">
    <p class='ocr_par' dir='ltr' id='par_1_2' title="bbox 125 869 1271 1060">
     <span class='ocr_line' id='line_1_4' title="bbox 125 869 672 959; baseline -0.011 -17"><span class='ocrx_word' id='word_1_23' title='bbox 125 876 235 959; x_wconf 82' lang='lat' dir='ltr'><strong>Laus,</strong></span> <span class='ocrx_word' id='word_1_24' title='bbox 258 875 364 940; x_wconf 93' lang='lat' dir='ltr'><strong>honor</strong></span> <span class='ocrx_word' id='word_1_25' title='bbox 387 870 517 937; x_wconf 81' lang='lat' dir='ltr'><strong>Christo</strong></span> <span class='ocrx_word' id='word_1_26' title='bbox 539 869 672 937; x_wconf 88' lang='lat' dir='ltr'><strong>vendito</strong></span> 
     </span>
     <span class='ocr_line' id='line_1_5' title="bbox 130 952 1271 1060; baseline -0.016 -15"><span class='ocrx_word' id='word_1_27' title='bbox 130 987 166 1045; x_wconf 79' lang='lat' dir='ltr'><strong>et</strong></span> <span class='ocrx_word' id='word_1_28' title='bbox 186 981 256 1044; x_wconf 83' lang='lat' dir='ltr'><strong>eine</strong></span> <span class='ocrx_word' id='word_1_29' title='bbox 279 987 381 1044; x_wconf 76' lang='lat' dir='ltr'><strong>centa</strong></span> <span class='ocrx_word' id='word_1_30' title='bbox 401 975 541 1060; x_wconf 87' lang='lat' dir='ltr'><strong>perdito,</strong></span> <span class='ocrx_word' id='word_1_31' title='bbox 717 973 758 1038; x_wconf 82' lang='lat' dir='ltr'><strong>lo</strong></span> <span class='ocrx_word' id='word_1_32' title='bbox 979 952 1039 1026; x_wconf 86' lang='grc'><strong>90.</strong></span> <span class='ocrx_word' id='word_1_33' title='bbox 1066 954 1116 1025; x_wconf 76' lang='lat' dir='ltr'><strong>ad</strong></span> <span class='ocrx_word' id='word_1_34' title='bbox 1131 979 1271 1027; x_wconf 76' lang='lat' dir='ltr'><strong>nonum.</strong></span> 
     </span>
    </p>
   </div>
   <div class='ocr_carea' id='block_1_3' title="bbox 129 1077 1440 1502">
    <p class='ocr_par' dir='ltr' id='par_1_3' title="bbox 129 1077 1440 1502">
     <span class='ocr_line' id='line_1_6' title="bbox 129 1077 1191 1204; baseline 0.01 -43"><span class='ocrx_word' id='word_1_35' title='bbox 129 1097 232 1204; x_wconf 74' lang='lat' dir='ltr'><strong>neem</strong></span> <span class='ocrx_word' id='word_1_36' title='bbox 253 1087 469 1200; x_wconf 23' lang='lat' dir='ltr'><strong>mortemnnm</strong></span> <span class='ocrx_word' id='word_1_37' title='bbox 489 1077 613 1162; x_wconf 82' lang='lat' dir='ltr'><strong>populo</strong></span> <span class='ocrx_word' id='word_1_38' title='bbox 810 1099 914 1170; x_wconf 72' lang='lat' dir='ltr'><strong>neae</strong></span> <span class='ocrx_word' id='word_1_39' title='bbox 937 1101 1058 1170; x_wconf 63' lang='lat' dir='ltr'><strong>omae</strong></span> <span class='ocrx_word' id='word_1_40' title='bbox 1079 1103 1191 1190; x_wconf 80' lang='lat' dir='ltr'><strong>passio</strong></span> 
     </span>
     <span class='ocr_line' id='line_1_7' title="bbox 132 1183 1440 1292; baseline 0.002 -18"><span class='ocrx_word' id='word_1_41' title='bbox 132 1209 167 1253; x_wconf 87' lang='lat'><strong>1¹¹</strong></span> <span class='ocrx_word' id='word_1_42' title='bbox 189 1202 305 1274; x_wconf 70' lang='lat' dir='ltr'><strong>asP⁰l⁰</strong></span> <span class='ocrx_word' id='word_1_43' title='bbox 328 1183 483 1272; x_wconf 57' lang='lat' dir='ltr'><strong>dailbulst</strong></span> <span class='ocrx_word' id='word_1_44' title='bbox 810 1209 852 1274; x_wconf 80' lang='lat' dir='ltr'><strong>eit</strong></span> <span class='ocrx_word' id='word_1_45' title='bbox 873 1216 986 1274; x_wconf 80' lang='lat' dir='ltr'><strong>nostra</strong></span> <span class='ocrx_word' id='word_1_46' title='bbox 1008 1209 1178 1292; x_wconf 86' lang='lat' dir='ltr'><strong>liberatio,</strong></span> <span class='ocrx_word' id='word_1_47' title='bbox 1395 1211 1440 1278; x_wconf 76' lang='lat'><strong>³0</strong></span> 
     </span>
     <span class='ocr_line' id='line_1_8' title="bbox 291 1307 1295 1502; baseline -0.003 -48"><span class='ocrx_word' id='word_1_48' title='bbox 291 1381 352 1454; x_wconf 83' lang='lat' dir='ltr'><strong>ee.</strong></span> <span class='ocrx_word' id='word_1_49' title='bbox 381 1379 431 1452; x_wconf 81' lang='grc' dir='ltr'><strong>...ι</strong></span> <span class='ocrx_word' id='word_1_50' title='bbox 457 1375 603 1452; x_wconf 64' lang='lat' dir='ltr'><strong>ceream.</strong></span> <span class='ocrx_word' id='word_1_51' title='bbox 809 1319 928 1502; x_wconf 58' lang='lat' dir='ltr'><strong><em>m</em></strong></span> <span class='ocrx_word' id='word_1_52' title='bbox 949 1307 1295 1481; x_wconf 50' lang='lat' dir='ltr'><strong>mmm</strong></span> 
     </span>
    </p>
   </div>
   <div class='ocr_carea' id='block_1_4' title="bbox 130 1525 1243 1652">
    <p class='ocr_par' dir='ltr' id='par_1_4' title="bbox 130 1525 1243 1652">
     <span class='ocr_line' id='line_1_9' title="bbox 130 1525 1243 1652; baseline -0.014 -52"><span class='ocrx_word' id='word_1_53' title='bbox 130 1528 226 1601; x_wconf 74' lang='lat' dir='ltr'><strong>Hora</strong></span> <span class='ocrx_word' id='word_1_54' title='bbox 248 1531 303 1613; x_wconf 90' lang='lat' dir='ltr'><strong>qui</strong></span> <span class='ocrx_word' id='word_1_55' title='bbox 324 1529 435 1594; x_wconf 86' lang='lat' dir='ltr'><strong>ductus</strong></span> <span class='ocrx_word' id='word_1_56' title='bbox 459 1525 556 1636; x_wconf 79' lang='lat' dir='ltr'><strong>tertia</strong></span> <span class='ocrx_word' id='word_1_57' title='bbox 811 1569 924 1636; x_wconf 59' lang='lat' dir='ltr'>Gloria</span> <span class='ocrx_word' id='word_1_58' title='bbox 946 1566 1078 1636; x_wconf 53' lang='lat' dir='ltr'>chrm</span> <span class='ocrx_word' id='word_1_59' title='bbox 1103 1567 1243 1652; x_wconf 57' lang='lat' dir='ltr'><strong>domino,</strong></span> 
     </span>
    </p>
   </div>
   <div class='ocr_carea' id='block_1_5' title="bbox 131 1633 1441 1861">
    <p class='ocr_par' dir='ltr' id='par_1_5' title="bbox 131 1633 1441 1861">
     <span class='ocr_line' id='line_1_10' title="bbox 131 1633 1064 1718; baseline -0.048 -16"><span class='ocrx_word' id='word_1_60' title='bbox 131 1635 222 1701; x_wconf 84' lang='lat' dir='ltr'><strong>fuisti</strong></span> <span class='ocrx_word' id='word_1_61' title='bbox 245 1633 288 1698; x_wconf 88' lang='lat' dir='ltr'><strong>ad</strong></span> <span class='ocrx_word' id='word_1_62' title='bbox 309 1633 476 1718; x_wconf 77' lang='lat' dir='ltr'><strong>supplicia,</strong></span> <span class='ocrx_word' id='word_1_63' title='bbox 857 1677 863 1692; x_wconf 37' lang='lat'>⁸</span> <span class='ocrx_word' id='word_1_64' title='bbox 1058 1677 1064 1692; x_wconf 36' lang='grc' dir='ltr'>Ι</span> 
     </span>
     <span class='ocr_line' id='line_1_11' title="bbox 132 1673 1441 1861; baseline -0.047 -55"><span class='ocrx_word' id='word_1_65' title='bbox 132 1739 273 1820; x_wconf 77' lang='lat' dir='ltr'>Christe,</span> <span class='ocrx_word' id='word_1_66' title='bbox 297 1735 433 1802; x_wconf 86' lang='lat' dir='ltr'><strong>ferendo</strong></span> <span class='ocrx_word' id='word_1_67' title='bbox 456 1733 598 1800; x_wconf 87' lang='lat' dir='ltr'><strong>humeris</strong></span> <span class='ocrx_word' id='word_1_68' title='bbox 717 1731 757 1796; x_wconf 86' lang='lat'><strong>15</strong></span> <span class='ocrx_word' id='word_1_69' title='bbox 810 1675 1089 1844; x_wconf 52' lang='lat' dir='ltr'><strong>gffimmdffisff</strong></span> <span class='ocrx_word' id='word_1_70' title='bbox 1103 1673 1257 1861; x_wconf 51' lang='lat' dir='ltr'><strong>fflit‘uulll?</strong></span> <span class='ocrx_word' id='word_1_71' title='bbox 1393 1771 1441 1839; x_wconf 54' lang='lat'><strong>³⁶</strong></span> 
     </span>
    </p>
   </div>
   <div class='ocr_carea' id='block_1_6' title="bbox 131 1837 1371 1966">
    <p class='ocr_par' dir='ltr' id='par_1_6' title="bbox 131 1837 1371 1966">
     <span class='ocr_line' id='line_1_12' title="bbox 131 1837 1371 1966; baseline -0.014 -7"><span class='ocrx_word' id='word_1_72' title='bbox 131 1859 262 1912; x_wconf 55' lang='lat' dir='ltr'><strong>“mm</strong></span> <span class='ocrx_word' id='word_1_73' title='bbox 283 1861 345 1927; x_wconf 68' lang='lat' dir='ltr'><strong>pm</strong></span> <span class='ocrx_word' id='word_1_74' title='bbox 368 1841 461 1906; x_wconf 52' lang='lat' dir='ltr'><strong>mm</strong></span> <span class='ocrx_word' id='word_1_75' title='bbox 483 1837 627 1904; x_wconf 55' lang='lat' dir='ltr'><strong>mim:</strong></span> <span class='ocrx_word' id='word_1_76' title='bbox 810 1881 1025 1966; x_wconf 86' lang='lat' dir='ltr'><strong>mundumque</strong></span> <span class='ocrx_word' id='word_1_77' title='bbox 1047 1881 1179 1946; x_wconf 86' lang='lat' dir='ltr'><strong>salvans</strong></span> <span class='ocrx_word' id='word_1_78' title='bbox 1200 1875 1371 1964; x_wconf 84' lang='lat' dir='ltr'><strong>perditum.</strong></span> 
     </span>
    </p>
   </div>
   <div class='ocr_carea' id='block_1_7' title="bbox 128 1975 758 2376">
    <p class='ocr_par' dir='ltr' id='par_1_7' title="bbox 128 1975 615 2168">
     <span class='ocr_line' id='line_1_13' title="bbox 130 1975 566 2062; baseline -0.018 -13"><span class='ocrx_word' id='word_1_79' title='bbox 130 1975 200 2049; x_wconf 81' lang='lat' dir='ltr'><strong>Fac</strong></span> <span class='ocrx_word' id='word_1_80' title='bbox 222 1999 282 2060; x_wconf 88' lang='lat' dir='ltr'><strong>nos</strong></span> <span class='ocrx_word' id='word_1_81' title='bbox 305 1981 352 2048; x_wconf 87' lang='lat' dir='ltr'><strong>sic</strong></span> <span class='ocrx_word' id='word_1_82' title='bbox 375 1987 407 2044; x_wconf 88' lang='lat' dir='ltr'><strong>tc</strong></span> <span class='ocrx_word' id='word_1_83' title='bbox 431 1979 566 2062; x_wconf 79' lang='lat' dir='ltr'><strong>diligere</strong></span> 
     </span>
     <span class='ocr_line' id='line_1_14' title="bbox 128 2082 615 2168; baseline -0.018 -16"><span class='ocrx_word' id='word_1_84' title='bbox 128 2094 341 2168; x_wconf 80' lang='lat' dir='ltr'><strong>sanctamque</strong></span> <span class='ocrx_word' id='word_1_85' title='bbox 363 2085 463 2148; x_wconf 90' lang='lat' dir='ltr'><strong>vitam</strong></span> <span class='ocrx_word' id='word_1_86' title='bbox 486 2082 615 2164; x_wconf 87' lang='lat' dir='ltr'><strong>ducere,</strong></span> 
     </span>
    </p>

    <p class='ocr_par' dir='ltr' id='par_1_8' title="bbox 130 2186 504 2268">
     <span class='ocr_line' id='line_1_15' title="bbox 130 2186 504 2268; baseline -0.019 -11"><span class='ocrx_word' id='word_1_87' title='bbox 130 2199 166 2258; x_wconf 90' lang='grc' dir='ltr'><strong>ιιι</strong></span> <span class='ocrx_word' id='word_1_88' title='bbox 186 2209 370 2254; x_wconf 86' lang='lat' dir='ltr'><strong>mereamur</strong></span> <span class='ocrx_word' id='word_1_89' title='bbox 392 2186 504 2268; x_wconf 87' lang='lat' dir='ltr'><strong>requie</strong></span> 
     </span>
    </p>

    <p class='ocr_par' dir='ltr' id='par_1_9' title="bbox 129 2288 758 2376">
     <span class='ocr_line' id='line_1_16' title="bbox 129 2288 758 2376; baseline -0.01 -18"><span class='ocrx_word' id='word_1_90' title='bbox 129 2294 193 2358; x_wconf 87' lang='lat' dir='ltr'><strong>frui</strong></span> <span class='ocrx_word' id='word_1_91' title='bbox 217 2293 359 2358; x_wconf 84' lang='lat' dir='ltr'><strong>coelestis</strong></span> <span class='ocrx_word' id='word_1_92' title='bbox 381 2289 506 2376; x_wconf 87' lang='lat' dir='ltr'><strong>patriae.</strong></span> <span class='ocrx_word' id='word_1_93' title='bbox 715 2288 758 2352; x_wconf 80' lang='lat'><strong>20</strong></span> 
     </span>
    </p>
   </div>
   <div class='ocr_carea' id='block_1_8' title="bbox 809 2031 1126 2120">
    <p class='ocr_par' dir='ltr' id='par_1_10' title="bbox 809 2031 1126 2120">
     <span class='ocr_line' id='line_1_17' title="bbox 809 2031 1126 2120; baseline -0.009 -16"><span class='ocrx_word' id='word_1_94' title='bbox 809 2031 913 2120; x_wconf 80' lang='lat' dir='ltr'><strong>haus,</strong></span> <span class='ocrx_word' id='word_1_95' title='bbox 936 2037 1041 2103; x_wconf 83' lang='lat' dir='ltr'><strong>honor</strong></span> <span class='ocrx_word' id='word_1_96' title='bbox 1064 2045 1126 2102; x_wconf 89' lang='lat' dir='ltr'><strong>etc.</strong></span> 
     </span>
    </p>
   </div>
   <div class='ocr_carea' id='block_1_9' title="bbox 915 2227 1334 2326">
    <p class='ocr_par' dir='ltr' id='par_1_11' title="bbox 915 2227 1334 2326">
     <span class='ocr_line' id='line_1_18' title="bbox 915 2227 1334 2326; baseline -0.012 -22"><span class='ocrx_word' id='word_1_97' title='bbox 915 2231 975 2304; x_wconf 88' lang='grc'><strong>91.</strong></span> <span class='ocrx_word' id='word_1_98' title='bbox 999 2231 1048 2302; x_wconf 86' lang='lat' dir='ltr'><strong>ad</strong></span> <span class='ocrx_word' id='word_1_99' title='bbox 1064 2227 1334 2326; x_wconf 81' lang='lat' dir='ltr'><strong>completorium.</strong></span> 
     </span>
    </p>
   </div>
   <div class='ocr_carea' id='block_1_10' title="bbox 809 2381 1440 2774">
    <p class='ocr_par' dir='ltr' id='par_1_12' title="bbox 811 2381 1187 2468">
     <span class='ocr_line' id='line_1_19' title="bbox 811 2381 1187 2468; baseline -0.016 -20"><span class='ocrx_word' id='word_1_100' title='bbox 811 2383 875 2462; x_wconf 79' lang='lat' dir='ltr'><strong>Qui</strong></span> <span class='ocrx_word' id='word_1_101' title='bbox 889 2381 1022 2468; x_wconf 87' lang='lat' dir='ltr'><strong>jacuisti</strong></span> <span class='ocrx_word' id='word_1_102' title='bbox 1043 2388 1187 2444; x_wconf 75' lang='lat' dir='ltr'><strong>mortun·</strong></span> 
     </span>
    </p>

    <p class='ocr_par' dir='ltr' id='par_1_13' title="bbox 809 2481 1219 2568">
     <span class='ocr_line' id='line_1_20' title="bbox 809 2481 1219 2568; baseline -0.015 -19"><span class='ocrx_word' id='word_1_103' title='bbox 809 2487 843 2550; x_wconf 91' lang='lat' dir='ltr'><strong>in</strong></span> <span class='ocrx_word' id='word_1_104' title='bbox 865 2503 947 2568; x_wconf 86' lang='lat' dir='ltr'><strong>pace</strong></span> <span class='ocrx_word' id='word_1_105' title='bbox 969 2503 1030 2546; x_wconf 87' lang='lat' dir='ltr'><strong>rex</strong></span> <span class='ocrx_word' id='word_1_106' title='bbox 1052 2481 1219 2564; x_wconf 85' lang='lat' dir='ltr'><strong>innocuus,</strong></span> 
     </span>
    </p>

    <p class='ocr_par' dir='ltr' id='par_1_14' title="bbox 811 2583 1440 2774">
     <span class='ocr_line' id='line_1_21' title="bbox 811 2583 1250 2666; baseline -0.014 -16"><span class='ocrx_word' id='word_1_107' title='bbox 811 2585 865 2652; x_wconf 84' lang='lat' dir='ltr'><strong>fac</strong></span> <span class='ocrx_word' id='word_1_108' title='bbox 887 2603 947 2649; x_wconf 86' lang='lat' dir='ltr'><strong>nos</strong></span> <span class='ocrx_word' id='word_1_109' title='bbox 970 2583 1058 2648; x_wconf 90' lang='lat' dir='ltr'><strong>inte</strong></span> <span class='ocrx_word' id='word_1_110' title='bbox 1082 2583 1250 2666; x_wconf 74' lang='lat' dir='ltr'><strong>quiescere</strong></span> 
     </span>
     <span class='ocr_line' id='line_1_22' title="bbox 812 2681 1440 2774; baseline -0.006 -20"><span class='ocrx_word' id='word_1_111' title='bbox 812 2708 1004 2774; x_wconf 73' lang='lat' dir='ltr'><strong>semperque</strong></span> <span class='ocrx_word' id='word_1_112' title='bbox 1026 2685 1140 2752; x_wconf 83' lang='lat' dir='ltr'><strong>laudes</strong></span> <span class='ocrx_word' id='word_1_113' title='bbox 1163 2704 1290 2751; x_wconf 87' lang='lat' dir='ltr'><strong>canere.</strong></span> <span class='ocrx_word' id='word_1_114' title='bbox 1395 2681 1440 2750; x_wconf 78' lang='lat' dir='ltr'><strong>dd</strong></span> 
     </span>
    </p>
   </div>
   <div class='ocr_carea' id='block_1_11' title="bbox 126 2431 447 2517">
    <p class='ocr_par' dir='ltr' id='par_1_15' title="bbox 126 2431 447 2517">
     <span class='ocr_line' id='line_1_23' title="bbox 126 2431 447 2517; baseline -0.025 -15"><span class='ocrx_word' id='word_1_115' title='bbox 126 2431 233 2517; x_wconf 81' lang='lat' dir='ltr'><strong>haus,</strong></span> <span class='ocrx_word' id='word_1_116' title='bbox 258 2433 363 2498; x_wconf 93' lang='lat' dir='ltr'><strong>honor</strong></span> <span class='ocrx_word' id='word_1_117' title='bbox 386 2439 447 2496; x_wconf 85' lang='lat' dir='ltr'><strong>etc.</strong></span> 
     </span>
    </p>
   </div>
   <div class='ocr_carea' id='block_1_12' title="bbox 289 2636 602 2750">
    <p class='ocr_par' dir='ltr' id='par_1_16' title="bbox 289 2636 602 2750">
     <span class='ocr_line' id='line_1_24' title="bbox 289 2636 602 2750; baseline -0.013 -42"><span class='ocrx_word' id='word_1_118' title='bbox 289 2636 351 2708; x_wconf 80' lang='lat'><strong>89.</strong></span> <span class='ocrx_word' id='word_1_119' title='bbox 384 2636 434 2750; x_wconf 77' lang='lat' dir='ltr'><strong>ed</strong></span> <span class='ocrx_word' id='word_1_120' title='bbox 457 2641 602 2705; x_wconf 74' lang='lat' dir='ltr'><strong>sextum.</strong></span> 
     </span>
    </p>
   </div>
   <div class='ocr_carea' id='block_1_13' title="bbox 129 2783 589 3179">
    <p class='ocr_par' dir='ltr' id='par_1_17' title="bbox 129 2783 589 3179">
     <span class='ocr_line' id='line_1_25' title="bbox 131 2783 589 2868; baseline -0.007 -17"><span class='ocrx_word' id='word_1_121' title='bbox 131 2783 272 2852; x_wconf 78' lang='lat' dir='ltr'><strong>Crucem</strong></span> <span class='ocrx_word' id='word_1_122' title='bbox 294 2804 355 2868; x_wconf 94' lang='lat' dir='ltr'><strong>pro</strong></span> <span class='ocrx_word' id='word_1_123' title='bbox 377 2785 469 2850; x_wconf 92' lang='lat' dir='ltr'><strong>nobis</strong></span> <span class='ocrx_word' id='word_1_124' title='bbox 492 2785 589 2848; x_wconf 89' lang='lat' dir='ltr'><strong>subiit</strong></span> 
     </span>
     <span class='ocr_line' id='line_1_26' title="bbox 130 2889 510 2956; baseline -0.011 0"><span class='ocrx_word' id='word_1_125' title='bbox 130 2898 167 2956; x_wconf 89' lang='lat' dir='ltr'><strong>et</strong></span> <span class='ocrx_word' id='word_1_126' title='bbox 189 2898 278 2954; x_wconf 85' lang='lat' dir='ltr'><strong>stans</strong></span> <span class='ocrx_word' id='word_1_127' title='bbox 300 2890 332 2953; x_wconf 92' lang='lat' dir='ltr'><strong>in</strong></span> <span class='ocrx_word' id='word_1_128' title='bbox 354 2890 411 2954; x_wconf 84' lang='lat' dir='ltr'><strong>illa</strong></span> <span class='ocrx_word' id='word_1_129' title='bbox 433 2889 510 2953; x_wconf 87' lang='lat' dir='ltr'><strong>sitiit</strong></span> 
     </span>
     <span class='ocr_line' id='line_1_27' title="bbox 129 2993 556 3063; baseline -0.012 -3"><span class='ocrx_word' id='word_1_130' title='bbox 129 2993 230 3060; x_wconf 48' lang='lat' dir='ltr'><strong>¹‹lesus</strong></span> <span class='ocrx_word' id='word_1_131' title='bbox 252 2996 388 3060; x_wconf 83' lang='lat' dir='ltr'><strong>sacratis</strong></span> <span class='ocrx_word' id='word_1_132' title='bbox 410 2995 556 3063; x_wconf 79' lang='lat' dir='ltr'><strong>manibus</strong></span> 
     </span>
     <span class='ocr_line' id='line_1_28' title="bbox 131 3095 586 3179; baseline -0.002 -18"><span class='ocrx_word' id='word_1_133' title='bbox 131 3097 235 3162; x_wconf 86' lang='lat' dir='ltr'><strong>clavis</strong></span> <span class='ocrx_word' id='word_1_134' title='bbox 257 3097 363 3160; x_wconf 80' lang='lat' dir='ltr'><strong>fossus</strong></span> <span class='ocrx_word' id='word_1_135' title='bbox 387 3095 586 3179; x_wconf 87' lang='lat' dir='ltr'><strong>etpedibus.</strong></span> 
     </span>
    </p>
   </div>
   <div class='ocr_carea' id='block_1_14' title="bbox 131 3233 1126 3421">
    <p class='ocr_par' dir='ltr' id='par_1_18' title="bbox 131 3233 1126 3421">
     <span class='ocr_line' id='line_1_29' title="bbox 132 3233 758 3304; baseline -0.016 0"><span class='ocrx_word' id='word_1_136' title='bbox 132 3234 246 3304; x_wconf 87' lang='lat' dir='ltr'><strong>Honor</strong></span> <span class='ocrx_word' id='word_1_137' title='bbox 269 3244 302 3300; x_wconf 90' lang='lat' dir='ltr'><strong>ct</strong></span> <span class='ocrx_word' id='word_1_138' title='bbox 323 3235 506 3302; x_wconf 82' lang='lat' dir='ltr'><strong>benedictio</strong></span> <span class='ocrx_word' id='word_1_139' title='bbox 716 3233 758 3294; x_wconf 84' lang='lat'><strong>25</strong></span> 
     </span>
     <span class='ocr_line' id='line_1_30' title="bbox 131 3325 1126 3421; baseline -0.015 -18"><span class='ocrx_word' id='word_1_140' title='bbox 131 3341 175 3403; x_wconf 87' lang='lat' dir='ltr'><strong>sit</strong></span> <span class='ocrx_word' id='word_1_141' title='bbox 198 3339 355 3404; x_wconf 79' lang='lat' dir='ltr'><strong>crucifixo</strong></span> <span class='ocrx_word' id='word_1_142' title='bbox 379 3338 524 3421; x_wconf 87' lang='lat' dir='ltr'><strong>domino,</strong></span> <span class='ocrx_word' id='word_1_143' title='bbox 811 3325 915 3411; x_wconf 86' lang='lat' dir='ltr'><strong>Laus,</strong></span> <span class='ocrx_word' id='word_1_144' title='bbox 938 3326 1043 3390; x_wconf 91' lang='lat' dir='ltr'><strong>honor</strong></span> <span class='ocrx_word' id='word_1_145' title='bbox 1065 3332 1126 3390; x_wconf 88' lang='lat' dir='ltr'><strong>eto.</strong></span> 
     </span>
    </p>
   </div>
   <div class='ocr_carea' id='block_1_15' title="bbox 811 2843 1275 3242">
    <p class='ocr_par' dir='ltr' id='par_1_19' title="bbox 811 2843 1275 3242">
     <span class='ocr_line' id='line_1_31' title="bbox 812 2843 1261 2926; baseline -0.018 -11"><span class='ocrx_word' id='word_1_146' title='bbox 812 2847 977 2914; x_wconf 87' lang='lat' dir='ltr'><strong>Succurre</strong></span> <span class='ocrx_word' id='word_1_147' title='bbox 1000 2845 1093 2910; x_wconf 88' lang='lat' dir='ltr'><strong>nobis</strong></span> <span class='ocrx_word' id='word_1_148' title='bbox 1116 2843 1261 2926; x_wconf 89' lang='lat' dir='ltr'><strong>domine,</strong></span> 
     </span>
     <span class='ocr_line' id='line_1_32' title="bbox 812 2949 1275 3038; baseline -0.015 -20"><span class='ocrx_word' id='word_1_149' title='bbox 812 2971 893 3038; x_wconf 87' lang='lat' dir='ltr'><strong>quos</strong></span> <span class='ocrx_word' id='word_1_150' title='bbox 915 2949 1080 3015; x_wconf 84' lang='lat' dir='ltr'><strong>redemisti</strong></span> <span class='ocrx_word' id='word_1_151' title='bbox 1102 2949 1275 3031; x_wconf 83' lang='lat' dir='ltr'><strong>sanguine,</strong></span> 
     </span>
     <span class='ocr_line' id='line_1_33' title="bbox 812 3053 1212 3122; baseline -0.01 -2"><span class='ocrx_word' id='word_1_152' title='bbox 812 3065 845 3122; x_wconf 89' lang='lat' dir='ltr'><strong>et</strong></span> <span class='ocrx_word' id='word_1_153' title='bbox 866 3056 930 3120; x_wconf 89' lang='lat' dir='ltr'><strong>duc</strong></span> <span class='ocrx_word' id='word_1_154' title='bbox 951 3072 1011 3118; x_wconf 88' lang='lat' dir='ltr'><strong>nos</strong></span> <span class='ocrx_word' id='word_1_155' title='bbox 1033 3053 1076 3118; x_wconf 92' lang='lat' dir='ltr'><strong>ad</strong></span> <span class='ocrx_word' id='word_1_156' title='bbox 1098 3053 1212 3116; x_wconf 82' lang='lat' dir='ltr'><strong>suavia</strong></span> 
     </span>
     <span class='ocr_line' id='line_1_34' title="bbox 811 3157 1208 3242; baseline -0.013 -17"><span class='ocrx_word' id='word_1_157' title='bbox 811 3168 944 3228; x_wconf 75' lang='lat' dir='ltr'><strong>eterne</strong></span> <span class='ocrx_word' id='word_1_158' title='bbox 965 3159 1057 3242; x_wconf 86' lang='lat' dir='ltr'><strong>pacis</strong></span> <span class='ocrx_word' id='word_1_159' title='bbox 1079 3157 1208 3242; x_wconf 79' lang='lat' dir='ltr'><strong>gaudia.</strong></span> 
     </span>
    </p>
   </div>
   <div class='ocr_carea' id='block_1_16' title="bbox 127 3499 1451 4896">
    <p class='ocr_par' dir='ltr' id='par_1_20' title="bbox 127 3499 1443 4475">
     <span class='ocr_line' id='line_1_35' title="bbox 222 3499 1439 3582; baseline -0.021 -2"><span class='ocrx_word' id='word_1_160' title='bbox 222 3527 414 3580; x_wconf 86' lang='lat' dir='ltr'><strong>Reichenauer</strong></span> <span class='ocrx_word' id='word_1_161' title='bbox 432 3525 478 3578; x_wconf 87' lang='lat' dir='ltr'><strong>Hs.</strong></span> <span class='ocrx_word' id='word_1_162' title='bbox 503 3521 555 3577; x_wconf 90' lang='lat' dir='ltr'><strong>No.</strong></span> <span class='ocrx_word' id='word_1_163' title='bbox 573 3522 615 3576; x_wconf 88' lang='grc'><strong>36.</strong></span> <span class='ocrx_word' id='word_1_164' title='bbox 633 3518 675 3580; x_wconf 83' lang='lat' dir='ltr'><strong>BL</strong></span> <span class='ocrx_word' id='word_1_165' title='bbox 693 3514 816 3570; x_wconf 79' lang='grc'><strong>65-67.</strong></span> <span class='ocrx_word' id='word_1_166' title='bbox 835 3511 891 3582; x_wconf 84' lang='lat' dir='ltr'><strong>(R)</strong></span> <span class='ocrx_word' id='word_1_167' title='bbox 918 3511 968 3566; x_wconf 87' lang='lat' dir='ltr'><strong>mit</strong></span> <span class='ocrx_word' id='word_1_168' title='bbox 986 3510 1039 3564; x_wconf 86' lang='lat' dir='ltr'><strong>den</strong></span> <span class='ocrx_word' id='word_1_169' title='bbox 1057 3507 1164 3564; x_wconf 82' lang='lat' dir='ltr'><strong>andern</strong></span> <span class='ocrx_word' id='word_1_170' title='bbox 1181 3503 1366 3577; x_wconf 88' lang='lat' dir='ltr'><strong>prosaischen</strong></span> <span class='ocrx_word' id='word_1_171' title='bbox 1383 3499 1439 3557; x_wconf 82' lang='lat' dir='ltr'><strong>Ge-</strong></span> 
     </span>
     <span class='ocr_line' id='line_1_36' title="bbox 130 3591 1438 3683; baseline -0.021 -13"><span class='ocrx_word' id='word_1_172' title='bbox 130 3616 226 3683; x_wconf 86' lang='lat' dir='ltr'><strong>beten,</strong></span> <span class='ocrx_word' id='word_1_173' title='bbox 244 3614 352 3668; x_wconf 87' lang='lat' dir='ltr'><strong>welche</strong></span> <span class='ocrx_word' id='word_1_174' title='bbox 370 3630 405 3667; x_wconf 86' lang='lat' dir='ltr'><strong>zu</strong></span> <span class='ocrx_word' id='word_1_175' title='bbox 424 3613 476 3666; x_wconf 90' lang='lat' dir='ltr'><strong>den</strong></span> <span class='ocrx_word' id='word_1_176' title='bbox 494 3610 648 3682; x_wconf 81' lang='lat' dir='ltr'><strong>Tagneiten</strong></span> <span class='ocrx_word' id='word_1_177' title='bbox 665 3603 797 3677; x_wconf 82' lang='lat' dir='ltr'><strong>gehdren.</strong></span> <span class='ocrx_word' id='word_1_178' title='bbox 832 3599 889 3656; x_wconf 89' lang='lat' dir='ltr'><strong>Der</strong></span> <span class='ocrx_word' id='word_1_179' title='bbox 906 3599 1030 3670; x_wconf 84' lang='lat' dir='ltr'><strong>Hymnus</strong></span> <span class='ocrx_word' id='word_1_180' title='bbox 1048 3613 1098 3650; x_wconf 84' lang='lat' dir='ltr'><strong>nur</strong></span> <span class='ocrx_word' id='word_1_181' title='bbox 1116 3595 1225 3664; x_wconf 86' lang='lat' dir='ltr'><strong>Vesper</strong></span> <span class='ocrx_word' id='word_1_182' title='bbox 1241 3593 1280 3646; x_wconf 86' lang='lat' dir='ltr'><strong>ist</strong></span> <span class='ocrx_word' id='word_1_183' title='bbox 1297 3591 1366 3645; x_wconf 89' lang='lat' dir='ltr'><strong>aber</strong></span> <span class='ocrx_word' id='word_1_184' title='bbox 1383 3605 1438 3644; x_wconf 86' lang='lat' dir='ltr'><strong>aus</strong></span> 
     </span>
     <span class='ocr_line' id='line_1_37' title="bbox 131 3675 1439 3770; baseline -0.021 -12"><span class='ocrx_word' id='word_1_185' title='bbox 131 3704 222 3758; x_wconf 90' lang='lat' dir='ltr'><strong>einem</strong></span> <span class='ocrx_word' id='word_1_186' title='bbox 245 3702 351 3757; x_wconf 78' lang='lat' dir='ltr'><strong>andern</strong></span> <span class='ocrx_word' id='word_1_187' title='bbox 374 3701 458 3755; x_wconf 89' lang='lat' dir='ltr'><strong>Liede</strong></span> <span class='ocrx_word' id='word_1_188' title='bbox 483 3713 662 3770; x_wconf 82' lang='lat' dir='ltr'><strong>genommen,</strong></span> <span class='ocrx_word' id='word_1_189' title='bbox 698 3709 730 3746; x_wconf 88' lang='lat' dir='ltr'><strong>er</strong></span> <span class='ocrx_word' id='word_1_190' title='bbox 752 3688 865 3744; x_wconf 84' lang='lat' dir='ltr'><strong>besteht</strong></span> <span class='ocrx_word' id='word_1_191' title='bbox 883 3685 1004 3740; x_wconf 74' lang='lat' dir='ltr'><strong>utimlich</strong></span> <span class='ocrx_word' id='word_1_192' title='bbox 1023 3700 1074 3738; x_wconf 88' lang='lat' dir='ltr'><strong>aus</strong></span> <span class='ocrx_word' id='word_1_193' title='bbox 1093 3682 1147 3736; x_wconf 91' lang='lat' dir='ltr'><strong>den</strong></span> <span class='ocrx_word' id='word_1_194' title='bbox 1173 3683 1189 3733; x_wconf 84' lang='lat'>5</span> <span class='ocrx_word' id='word_1_195' title='bbox 1214 3679 1357 3748; x_wconf 81' lang='lat' dir='ltr'><strong>Strophen</strong></span> <span class='ocrx_word' id='word_1_196' title='bbox 1382 3675 1439 3742; x_wconf 82' lang='lat' dir='ltr'><strong>oui</strong></span> 
     </span>
     <span class='ocr_line' id='line_1_38' title="bbox 131 3763 1441 3860; baseline -0.019 -17"><span class='ocrx_word' id='word_1_197' title='bbox 131 3806 267 3860; x_wconf 85' lang='lat' dir='ltr'><strong>pressura</strong></span> <span class='ocrx_word' id='word_1_198' title='bbox 291 3791 364 3859; x_wconf 86' lang='lat' dir='ltr'><strong>(No.</strong></span> <span class='ocrx_word' id='word_1_199' title='bbox 382 3790 453 3857; x_wconf 82' lang='grc'>86),</span> <span class='ocrx_word' id='word_1_200' title='bbox 484 3785 613 3840; x_wconf 84' lang='lat' dir='ltr'><strong>welchen</strong></span> <span class='ocrx_word' id='word_1_201' title='bbox 637 3783 687 3836; x_wconf 88' lang='lat' dir='ltr'><strong>der</strong></span> <span class='ocrx_word' id='word_1_202' title='bbox 705 3775 821 3834; x_wconf 84' lang='lat' dir='ltr'><strong>Refrain</strong></span> <span class='ocrx_word' id='word_1_203' title='bbox 844 3776 925 3842; x_wconf 83' lang='lat' dir='ltr'><strong>Laus,</strong></span> <span class='ocrx_word' id='word_1_204' title='bbox 943 3774 1035 3827; x_wconf 87' lang='lat' dir='ltr'><strong>honor</strong></span> <span class='ocrx_word' id='word_1_205' title='bbox 1059 3768 1222 3839; x_wconf 72' lang='lat' dir='ltr'><strong>angehtngt</strong></span> <span class='ocrx_word' id='word_1_206' title='bbox 1239 3765 1284 3820; x_wconf 77' lang='lat' dir='ltr'><strong>ist.</strong></span> <span class='ocrx_word' id='word_1_207' title='bbox 1318 3763 1356 3820; x_wconf 78' lang='lat' dir='ltr'><strong>m</strong></span> <span class='ocrx_word' id='word_1_208' title='bbox 1373 3776 1441 3818; x_wconf 78' lang='lat' dir='ltr'><strong>war</strong></span> 
     </span>
     <span class='ocr_line' id='line_1_39' title="bbox 132 3849 1440 3947; baseline -0.022 -14"><span class='ocrx_word' id='word_1_209' title='bbox 132 3877 196 3932; x_wconf 82' lang='lat' dir='ltr'><strong>alec</strong></span> <span class='ocrx_word' id='word_1_210' title='bbox 214 3878 260 3932; x_wconf 88' lang='lat' dir='ltr'><strong>hei</strong></span> <span class='ocrx_word' id='word_1_211' title='bbox 277 3877 373 3932; x_wconf 84' lang='lat' dir='ltr'><strong>diesen</strong></span> <span class='ocrx_word' id='word_1_212' title='bbox 386 3875 538 3947; x_wconf 79' lang='lat' dir='ltr'><strong>Tagneiten</strong></span> <span class='ocrx_word' id='word_1_213' title='bbox 556 3867 756 3942; x_wconf 82' lang='lat' dir='ltr'><strong>urspriinglich</strong></span> <span class='ocrx_word' id='word_1_214' title='bbox 772 3865 838 3919; x_wconf 76' lang='lat' dir='ltr'><strong>luein</strong></span> <span class='ocrx_word' id='word_1_215' title='bbox 851 3863 968 3934; x_wconf 84' lang='lat' dir='ltr'><strong>hymnus</strong></span> <span class='ocrx_word' id='word_1_216' title='bbox 986 3859 1023 3914; x_wconf 87' lang='lat' dir='ltr'><strong>ad</strong></span> <span class='ocrx_word' id='word_1_217' title='bbox 1036 3870 1172 3924; x_wconf 84' lang='lat' dir='ltr'><strong>vesperas</strong></span> <span class='ocrx_word' id='word_1_218' title='bbox 1189 3851 1362 3922; x_wconf 80' lang='lat' dir='ltr'><strong>vcrhanden,</strong></span> <span class='ocrx_word' id='word_1_219' title='bbox 1380 3849 1440 3904; x_wconf 85' lang='lat' dir='ltr'><strong>wie</strong></span> 
     </span>
     <span class='ocr_line' id='line_1_40' title="bbox 127 3938 1442 4026; baseline -0.02 -6"><span class='ocrx_word' id='word_1_220' title='bbox 127 3965 205 4020; x_wconf 84' lang='lat' dir='ltr'><strong>auch</strong></span> <span class='ocrx_word' id='word_1_221' title='bbox 222 3965 319 4020; x_wconf 88' lang='lat' dir='ltr'><strong>keiner</strong></span> <span class='ocrx_word' id='word_1_222' title='bbox 338 3965 374 4018; x_wconf 87' lang='lat' dir='ltr'><strong>ad</strong></span> <span class='ocrx_word' id='word_1_223' title='bbox 391 3963 551 4020; x_wconf 83' lang='lat' dir='ltr'><strong>matutinas.</strong></span> <span class='ocrx_word' id='word_1_224' title='bbox 585 3959 636 4014; x_wconf 86' lang='lat' dir='ltr'><strong>Die</strong></span> <span class='ocrx_word' id='word_1_225' title='bbox 649 3955 773 4026; x_wconf 79' lang='lat' dir='ltr'><strong>strophe</strong></span> <span class='ocrx_word' id='word_1_226' title='bbox 792 3953 829 4007; x_wconf 84' lang='lat' dir='ltr'><strong>ad</strong></span> <span class='ocrx_word' id='word_1_227' title='bbox 842 3949 955 4005; x_wconf 88' lang='lat' dir='ltr'><strong>tertiam</strong></span> <span class='ocrx_word' id='word_1_228' title='bbox 973 3945 1049 4000; x_wconf 87' lang='lat' dir='ltr'><strong>steht</strong></span> <span class='ocrx_word' id='word_1_229' title='bbox 1067 3943 1140 3997; x_wconf 87' lang='lat' dir='ltr'><strong>ohne</strong></span> <span class='ocrx_word' id='word_1_230' title='bbox 1153 3939 1347 4011; x_wconf 85' lang='lat' dir='ltr'><strong>Ahweichung</strong></span> <span class='ocrx_word' id='word_1_231' title='bbox 1364 3938 1442 3994; x_wconf 87' lang='lat' dir='ltr'><strong>auch</strong></span> 
     </span>
     <span class='ocr_line' id='line_1_41' title="bbox 129 4027 1441 4122; baseline -0.021 -14"><span class='ocrx_word' id='word_1_232' title='bbox 129 4053 160 4108; x_wconf 88' lang='lat' dir='ltr'><strong>in</strong></span> <span class='ocrx_word' id='word_1_233' title='bbox 179 4053 231 4108; x_wconf 88' lang='lat' dir='ltr'><strong>der</strong></span> <span class='ocrx_word' id='word_1_234' title='bbox 249 4051 453 4122; x_wconf 78' lang='lat' dir='ltr'><strong>Strassburger</strong></span> <span class='ocrx_word' id='word_1_235' title='bbox 471 4051 517 4106; x_wconf 85' lang='lat' dir='ltr'><strong>lle.</strong></span> <span class='ocrx_word' id='word_1_236' title='bbox 537 4065 561 4102; x_wconf 89' lang='lat' dir='ltr'><strong>o.</strong></span> <span class='ocrx_word' id='word_1_237' title='bbox 581 4047 633 4102; x_wconf 90' lang='lat' dir='ltr'><strong>No.</strong></span> <span class='ocrx_word' id='word_1_238' title='bbox 658 4045 687 4100; x_wconf 89' lang='lat' dir='ltr'><strong>in</strong></span> <span class='ocrx_word' id='word_1_239' title='bbox 704 4042 833 4108; x_wconf 86' lang='lat' dir='ltr'><strong>Duodez,</strong></span> <span class='ocrx_word' id='word_1_240' title='bbox 852 4037 894 4092; x_wconf 91' lang='lat' dir='ltr'><strong>Bl.</strong></span> <span class='ocrx_word' id='word_1_241' title='bbox 914 4037 954 4088; x_wconf 89' lang='grc'><strong>10.</strong></span> <span class='ocrx_word' id='word_1_242' title='bbox 978 4046 1093 4087; x_wconf 87' lang='lat' dir='ltr'><strong>woraus</strong></span> <span class='ocrx_word' id='word_1_243' title='bbox 1110 4029 1162 4084; x_wconf 86' lang='lat' dir='ltr'><strong>das</strong></span> <span class='ocrx_word' id='word_1_244' title='bbox 1180 4027 1248 4085; x_wconf 89' lang='lat' dir='ltr'><strong>Lied</strong></span> <span class='ocrx_word' id='word_1_245' title='bbox 1264 4027 1317 4083; x_wconf 86' lang='lat' dir='ltr'><strong>No.</strong></span> <span class='ocrx_word' id='word_1_246' title='bbox 1335 4027 1369 4082; x_wconf 78' lang='grc'><strong>86</strong></span> <span class='ocrx_word' id='word_1_247' title='bbox 1388 4041 1441 4097; x_wconf 84' lang='lat' dir='ltr'><strong>ge-</strong></span> 
     </span>
     <span class='ocr_line' id='line_1_42' title="bbox 129 4114 1443 4209; baseline -0.018 -14"><span class='ocrx_word' id='word_1_248' title='bbox 129 4157 259 4196; x_wconf 91' lang='lat' dir='ltr'><strong>nommen</strong></span> <span class='ocrx_word' id='word_1_249' title='bbox 277 4141 323 4209; x_wconf 80' lang='lat' dir='ltr'><strong>ist,</strong></span> <span class='ocrx_word' id='word_1_250' title='bbox 341 4137 397 4193; x_wconf 90' lang='lat' dir='ltr'><strong>und</strong></span> <span class='ocrx_word' id='word_1_251' title='bbox 415 4138 460 4192; x_wconf 90' lang='lat' dir='ltr'><strong>ein</strong></span> <span class='ocrx_word' id='word_1_252' title='bbox 478 4136 558 4192; x_wconf 84' lang='lat' dir='ltr'><strong>Theil</strong></span> <span class='ocrx_word' id='word_1_253' title='bbox 578 4136 628 4189; x_wconf 91' lang='lat' dir='ltr'><strong>der</strong></span> <span class='ocrx_word' id='word_1_254' title='bbox 645 4131 769 4202; x_wconf 78' lang='lat' dir='ltr'><strong>strophe</strong></span> <span class='ocrx_word' id='word_1_255' title='bbox 788 4129 825 4182; x_wconf 88' lang='lat' dir='ltr'><strong>ad</strong></span> <span class='ocrx_word' id='word_1_256' title='bbox 842 4139 944 4192; x_wconf 84' lang='lat' dir='ltr'><strong>nonam</strong></span> <span class='ocrx_word' id='word_1_257' title='bbox 961 4118 1080 4176; x_wconf 85' lang='lat' dir='ltr'><strong>anchin</strong></span> <span class='ocrx_word' id='word_1_258' title='bbox 1097 4117 1176 4172; x_wconf 90' lang='lat' dir='ltr'><strong>einer</strong></span> <span class='ocrx_word' id='word_1_259' title='bbox 1193 4116 1365 4184; x_wconf 73' lang='lat' dir='ltr'><strong>Karhsruher</strong></span> <span class='ocrx_word' id='word_1_260' title='bbox 1379 4114 1443 4182; x_wconf 68' lang='lat' dir='ltr'><strong>hs,</strong></span> 
     </span>
     <span class='ocr_line' id='line_1_43' title="bbox 128 4204 1441 4298; baseline -0.021 -16"><span class='ocrx_word' id='word_1_261' title='bbox 128 4228 188 4282; x_wconf 80' lang='lat' dir='ltr'><strong>wie</strong></span> <span class='ocrx_word' id='word_1_262' title='bbox 207 4228 273 4283; x_wconf 90' lang='lat' dir='ltr'><strong>dort</strong></span> <span class='ocrx_word' id='word_1_263' title='bbox 291 4227 464 4298; x_wconf 80' lang='lat' dir='ltr'><strong>angegebeu</strong></span> <span class='ocrx_word' id='word_1_264' title='bbox 499 4225 606 4280; x_wconf 84' lang='lat' dir='ltr'><strong>Ferner</strong></span> <span class='ocrx_word' id='word_1_265' title='bbox 623 4221 661 4274; x_wconf 90' lang='lat' dir='ltr'><strong>im</strong></span> <span class='ocrx_word' id='word_1_266' title='bbox 672 4216 808 4276; x_wconf 78' lang='lat' dir='ltr'><strong>llortulus</strong></span> <span class='ocrx_word' id='word_1_267' title='bbox 827 4212 926 4270; x_wconf 83' lang='lat' dir='ltr'><strong>animae</strong></span> <span class='ocrx_word' id='word_1_268' title='bbox 944 4209 986 4264; x_wconf 84' lang='lat' dir='ltr'><strong>BL</strong></span> <span class='ocrx_word' id='word_1_269' title='bbox 1004 4209 1046 4262; x_wconf 79' lang='lat'><strong>29.</strong></span> <span class='ocrx_word' id='word_1_270' title='bbox 1064 4207 1121 4276; x_wconf 83' lang='lat' dir='ltr'><strong>(ll)</strong></span> <span class='ocrx_word' id='word_1_271' title='bbox 1138 4205 1195 4260; x_wconf 89' lang='lat' dir='ltr'><strong>und</strong></span> <span class='ocrx_word' id='word_1_272' title='bbox 1212 4206 1241 4258; x_wconf 91' lang='lat' dir='ltr'><strong>in</strong></span> <span class='ocrx_word' id='word_1_273' title='bbox 1258 4205 1312 4259; x_wconf 86' lang='lat' dir='ltr'><strong>deu</strong></span> <span class='ocrx_word' id='word_1_274' title='bbox 1331 4204 1441 4265; x_wconf 74' lang='lat' dir='ltr'><strong>Cursus</strong></span> 
     </span>
     <span class='ocr_line' id='line_1_44' title="bbox 129 4294 1438 4388; baseline -0.023 -16"><span class='ocrx_word' id='word_1_275' title='bbox 129 4317 248 4372; x_wconf 88' lang='lat' dir='ltr'><strong>collecti</strong></span> <span class='ocrx_word' id='word_1_276' title='bbox 266 4317 320 4388; x_wconf 78' lang='lat' dir='ltr'><strong>(G)</strong></span> <span class='ocrx_word' id='word_1_277' title='bbox 347 4317 391 4371; x_wconf 90' lang='lat' dir='ltr'><strong>Bl</strong></span> <span class='ocrx_word' id='word_1_278' title='bbox 407 4317 450 4370; x_wconf 79' lang='lat'><strong>55.</strong></span> <span class='ocrx_word' id='word_1_279' title='bbox 496 4314 521 4368; x_wconf 86' lang='lat' dir='ltr'>R</span> <span class='ocrx_word' id='word_1_280' title='bbox 548 4309 613 4382; x_wconf 80' lang='lat' dir='ltr'><strong>fdgt</strong></span> <span class='ocrx_word' id='word_1_281' title='bbox 636 4309 666 4366; x_wconf 85' lang='lat' dir='ltr'><strong>in</strong></span> <span class='ocrx_word' id='word_1_282' title='bbox 689 4308 740 4363; x_wconf 89' lang='lat' dir='ltr'><strong>der</strong></span> <span class='ocrx_word' id='word_1_283' title='bbox 763 4296 961 4362; x_wconf 83' lang='lat' dir='ltr'><strong>Ueberschrift</strong></span> <span class='ocrx_word' id='word_1_284' title='bbox 984 4297 1043 4353; x_wconf 88' lang='lat' dir='ltr'><strong>hei:</strong></span> <span class='ocrx_word' id='word_1_285' title='bbox 1076 4312 1111 4350; x_wconf 80' lang='lat' dir='ltr'><strong>ex</strong></span> <span class='ocrx_word' id='word_1_286' title='bbox 1134 4294 1280 4365; x_wconf 87' lang='lat' dir='ltr'><strong>prophetis</strong></span> <span class='ocrx_word' id='word_1_287' title='bbox 1304 4295 1334 4346; x_wconf 92' lang='lat' dir='ltr'><strong>ct</strong></span> <span class='ocrx_word' id='word_1_288' title='bbox 1359 4301 1438 4344; x_wconf 87' lang='lat' dir='ltr'><strong>novo</strong></span> 
     </span>
     <span class='ocr_line' id='line_1_45' title="bbox 128 4377 1438 4475; baseline -0.026 -14"><span class='ocrx_word' id='word_1_289' title='bbox 128 4407 301 4461; x_wconf 73' lang='lat' dir='ltr'><strong>testamento</strong></span> <span class='ocrx_word' id='word_1_290' title='bbox 319 4420 371 4475; x_wconf 90' lang='lat' dir='ltr'><strong>per</strong></span> <span class='ocrx_word' id='word_1_291' title='bbox 389 4405 502 4458; x_wconf 81' lang='lat' dir='ltr'><strong>beatum</strong></span> <span class='ocrx_word' id='word_1_292' title='bbox 519 4400 663 4458; x_wconf 83' lang='lat' dir='ltr'><strong>Urbanum</strong></span> <span class='ocrx_word' id='word_1_293' title='bbox 680 4409 784 4466; x_wconf 87' lang='lat' dir='ltr'><strong>papam</strong></span> <span class='ocrx_word' id='word_1_294' title='bbox 801 4388 968 4460; x_wconf 80' lang='lat' dir='ltr'><strong>compilatae.</strong></span> <span class='ocrx_word' id='word_1_295' title='bbox 994 4381 1106 4443; x_wconf 84' lang='lat' dir='ltr'><strong>Dareus</strong></span> <span class='ocrx_word' id='word_1_296' title='bbox 1119 4381 1219 4455; x_wconf 75' lang='lat' dir='ltr'><strong>fulgen</strong></span> <span class='ocrx_word' id='word_1_297' title='bbox 1236 4381 1314 4436; x_wconf 84' lang='lat' dir='ltr'><strong>diese</strong></span> <span class='ocrx_word' id='word_1_298' title='bbox 1330 4377 1438 4432; x_wconf 87' lang='lat' dir='ltr'><strong>verse:</strong></span> 
     </span>
    </p>

    <p class='ocr_par' dir='ltr' id='par_1_21' title="bbox 339 4475 1451 4648">
     <span class='ocr_line' id='line_1_46' title="bbox 344 4475 1451 4562; baseline -0.029 -16"><span class='ocrx_word' id='word_1_299' title='bbox 344 4491 466 4562; x_wconf 78' lang='lat' dir='ltr'><strong>Collige,</strong></span> <span class='ocrx_word' id='word_1_300' title='bbox 484 4503 568 4544; x_wconf 83' lang='lat' dir='ltr'><strong>serve</strong></span> <span class='ocrx_word' id='word_1_301' title='bbox 586 4485 639 4553; x_wconf 85' lang='lat' dir='ltr'><strong>dei,</strong></span> <span class='ocrx_word' id='word_1_302' title='bbox 658 4483 760 4539; x_wconf 76' lang='lat' dir='ltr'><strong>saltem</strong></span> <span class='ocrx_word' id='word_1_303' title='bbox 775 4494 829 4550; x_wconf 88' lang='lat' dir='ltr'><strong>pro</strong></span> <span class='ocrx_word' id='word_1_304' title='bbox 847 4481 929 4547; x_wconf 86' lang='lat' dir='ltr'><strong>parte</strong></span> <span class='ocrx_word' id='word_1_305' title='bbox 948 4475 1004 4529; x_wconf 89' lang='lat' dir='ltr'><strong>diei</strong></span> <span class='ocrx_word' id='word_1_306' title='bbox 1353 4479 1357 4491; x_wconf 94' lang='lat'>·</span> <span class='ocrx_word' id='word_1_307' title='bbox 1448 4501 1451 4506; x_wconf 88' lang='lat'>.</span> 
     </span>
     <span class='ocr_line' id='line_1_47' title="bbox 339 4560 1076 4648; baseline -0.027 -15"><span class='ocrx_word' id='word_1_308' title='bbox 339 4579 449 4648; x_wconf 86' lang='lat' dir='ltr'><strong>probra</strong></span> <span class='ocrx_word' id='word_1_309' title='bbox 466 4572 654 4646; x_wconf 85' lang='lat' dir='ltr'><strong>redemptoris</strong></span> <span class='ocrx_word' id='word_1_310' title='bbox 672 4568 784 4638; x_wconf 79' lang='lat' dir='ltr'><strong>lusique</strong></span> <span class='ocrx_word' id='word_1_311' title='bbox 801 4568 940 4620; x_wconf 88' lang='lat' dir='ltr'><strong>memento</strong></span> <span class='ocrx_word' id='word_1_312' title='bbox 959 4560 1076 4616; x_wconf 82' lang='lat' dir='ltr'><strong>cruoris.</strong></span> 
     </span>
    </p>

    <p class='ocr_par' dir='ltr' id='par_1_22' title="bbox 128 4642 1449 4824">
     <span class='ocr_line' id='line_1_48' title="bbox 222 4642 1438 4744; baseline -0.025 -18"><span class='ocrx_word' id='word_1_313' title='bbox 222 4677 258 4727; x_wconf 74' lang='grc' dir='ltr'><strong>ιι</strong></span> <span class='ocrx_word' id='word_1_314' title='bbox 275 4673 305 4728; x_wconf 89' lang='lat' dir='ltr'><strong>in</strong></span> <span class='ocrx_word' id='word_1_315' title='bbox 322 4677 352 4728; x_wconf 90' lang='lat' dir='ltr'><strong>te</strong></span> <span class='ocrx_word' id='word_1_316' title='bbox 370 4673 514 4744; x_wconf 83' lang='lat' dir='ltr'><strong>quiescere</strong></span> <span class='ocrx_word' id='word_1_317' title='bbox 532 4669 562 4725; x_wconf 79' lang='lat'><strong>0.</strong></span> <span class='ocrx_word' id='word_1_318' title='bbox 599 4667 633 4720; x_wconf 78' lang='lat'><strong>19</strong></span> <span class='ocrx_word' id='word_1_319' title='bbox 652 4663 796 4718; x_wconf 82' lang='lat' dir='ltr'><strong>valeamus</strong></span> <span class='ocrx_word' id='word_1_320' title='bbox 814 4660 868 4716; x_wconf 84' lang='lat' dir='ltr'><strong>Bo.</strong></span> <span class='ocrx_word' id='word_1_321' title='bbox 902 4659 938 4712; x_wconf 79' lang='lat'><strong>23</strong></span> <span class='ocrx_word' id='word_1_322' title='bbox 956 4661 985 4712; x_wconf 87' lang='lat' dir='ltr'><strong>et</strong></span> <span class='ocrx_word' id='word_1_323' title='bbox 1002 4653 1049 4709; x_wconf 77' lang='lat' dir='ltr'><strong>fiir</strong></span> <span class='ocrx_word' id='word_1_324' title='bbox 1066 4653 1122 4708; x_wconf 70' lang='grc' dir='ltr'><strong>ιιι</strong></span> <span class='ocrx_word' id='word_1_325' title='bbox 1141 4650 1171 4706; x_wconf 85' lang='lat' dir='ltr'><strong>G.</strong></span> <span class='ocrx_word' id='word_1_326' title='bbox 1205 4649 1241 4700; x_wconf 75' lang='lat' dir='ltr'><strong>et</strong></span> <span class='ocrx_word' id='word_1_327' title='bbox 1258 4643 1398 4713; x_wconf 85' lang='lat' dir='ltr'><strong>fossisque</strong></span> <span class='ocrx_word' id='word_1_328' title='bbox 1412 4642 1438 4696; x_wconf 86' lang='lat' dir='ltr'>B</span> 
     </span>
     <span class='ocr_line' id='line_1_49' title="bbox 128 4731 1449 4824; baseline -0.027 -2"><span class='ocrx_word' id='word_1_329' title='bbox 128 4758 429 4824; x_wconf 63' lang='lat' dir='ltr'><strong>rosaceumque.</strong></span> <span class='ocrx_word' id='word_1_330' title='bbox 465 4760 500 4818; x_wconf 79' lang='lat'><strong>26</strong></span> <span class='ocrx_word' id='word_1_331' title='bbox 517 4753 578 4816; x_wconf 87' lang='lat' dir='ltr'><strong>filio</strong></span> <span class='ocrx_word' id='word_1_332' title='bbox 597 4753 653 4816; x_wconf 83' lang='grc' dir='ltr'><strong>ΒΗ.</strong></span> <span class='ocrx_word' id='word_1_333' title='bbox 687 4753 722 4816; x_wconf 72' lang='grc' dir='ltr'><strong>ιι</strong></span> <span class='ocrx_word' id='word_1_334' title='bbox 740 4765 793 4812; x_wconf 84' lang='lat' dir='ltr'><strong>nos</strong></span> <span class='ocrx_word' id='word_1_335' title='bbox 807 4764 858 4808; x_wconf 83' lang='lat' dir='ltr'><strong>eun</strong></span> <span class='ocrx_word' id='word_1_336' title='bbox 876 4747 910 4806; x_wconf 90' lang='grc' dir='ltr'><strong>ιι.</strong></span> <span class='ocrx_word' id='word_1_337' title='bbox 943 4745 979 4808; x_wconf 72' lang='lat'><strong>28</strong></span> <span class='ocrx_word' id='word_1_338' title='bbox 996 4741 1081 4804; x_wconf 71' lang='lat' dir='ltr'><strong>exilio</strong></span> <span class='ocrx_word' id='word_1_339' title='bbox 1094 4739 1127 4811; x_wconf 78' lang='grc' dir='ltr'><strong>ιι,</strong></span> <span class='ocrx_word' id='word_1_340' title='bbox 1145 4733 1255 4808; x_wconf 82' lang='lat' dir='ltr'><strong>egiptio</strong></span> <span class='ocrx_word' id='word_1_341' title='bbox 1265 4733 1295 4794; x_wconf 79' lang='grc'><strong>0.</strong></span> <span class='ocrx_word' id='word_1_342' title='bbox 1319 4735 1354 4802; x_wconf 73' lang='lat'><strong>31</strong></span> <span class='ocrx_word' id='word_1_343' title='bbox 1364 4737 1393 4788; x_wconf 88' lang='lat' dir='ltr'><strong>et</strong></span> <span class='ocrx_word' id='word_1_344' title='bbox 1402 4731 1449 4800; x_wconf 59' lang='grc' dir='ltr'><strong>ιι.7</strong></span> 
     </span>
    </p>

    <p class='ocr_par' dir='ltr' id='par_1_23' title="bbox 1178 4824 1229 4896">
     <span class='ocr_line' id='line_1_50' title="bbox 1178 4824 1229 4896; baseline -0.02 -25"><span class='ocrx_word' id='word_1_345' title='bbox 1178 4824 1229 4896; x_wconf 59' lang='lat'><strong>8*</strong></span> 
     </span>
    </p>
   </div>
   <div class='ocr_carea' id='block_1_17' title="bbox 0 0 1647 5370">
    <p class='ocr_par' dir='ltr' id='par_1_24' title="bbox 0 0 1647 5370">
     <span class='ocr_line' id='line_1_51' title="bbox 0 0 1647 5370; baseline 0 0"><span class='ocrx_word' id='word_1_346' title='bbox 0 0 1647 5370; x_wconf 95' lang='lat' dir='ltr'><strong> </strong></span> 
     </span>
    </p>
   </div>
  </div>
 </body>
</html>
