3316 5358
6 3121 7 3124 ,
138 3057 227 3124 banc
249 3056 382 3122 dicebas
404 3057 595 3124 falsitatem:

133 514 252 585 Visum
272 517 388 583 mentis
410 505 610 598 obscurasti,
681 553 687 564 ·

137 639 251 687 manus
274 637 401 704 quoque
424 619 587 704 religasti,
724 616 768 684 30

137 743 190 790 me
211 725 394 809 temptabas
417 723 580 790 suffocare

137 835 173 894 et
194 829 333 912 optabas
356 826 527 894 devorare.

138 985 178 1058 Si
198 991 349 1060 volebam
371 989 555 1076 respirare,

139 1098 177 1158 tu
196 1093 334 1158 nolebas
356 1091 464 1158 locum
486 1091 576 1174 dare,
672 1163 678 1175 ,

138 1213 192 1260 me
214 1195 316 1280 pudet
339 1195 452 1280 culpas
474 1213 628 1276 narrare,
726 1191 770 1258 35

141 1317 223 1384 quas
244 1300 401 1364 monebas
423 1305 627 1384 perpetrare.
685 1307 703 1368 ,·

139 1477 225 1548 Nam
246 1496 319 1544 cum
341 1453 487 1544 tibi'nou
508 1478 684 1560 parebam,

139 1582 223 1654 iram
244 1588 332 1646 tuam
355 1581 548 1665 sentiebam,

140 1685 170 1750 si
193 1685 270 1768 quid
292 1685 368 1751 boni
390 1685 565 1770 faciebam,

140 1797 176 1856 te
199 1791 393 1856 contrariam
416 1791 586 1858 habebam.
725 1789 770 1858 40

140 1967 180 2036 Si
201 1972 352 2037 volebam
369 1971 540 2056 jejunare,

140 2094 194 2160 me
216 2074 349 2140 dicebas
372 2081 552 2155 aegrotare,

140 2196 195 2243 me
215 2177 373 2244 movebas
395 2173 609 2255 manducare,

139 2279 204 2345 nisi
225 2277 345 2344 vellem
366 2277 533 2362 pejorare.

140 2413 182 2529 Si
205 2459 282 2546 quid
304 2459 422 2529 dabam
443 2457 612 2544 indigenti,
726 2457 770 2524 ld

140 2566 321 2640 resistebas
344 2583 427 2629 meae
448 2563 566 2648 menti,

7 2759 8 2762 Ἴ
140 2669 269 2736 dicens:
295 2669 381 2754 „noli
403 2675 460 2735 tua
482 2669 578 2751 dare,

138 2792 182 2848 ne
205 2774 336 2856 cogaris
357 2765 574 2838 mendicare.“

139 2951 179 3018 Si
200 2952 374 3020 laudabam
396 2958 638 3038 paupertatem,

141 3161 283 3246 „melius
300 3167 352 3225 est
373 3177 579 3243 congregare

140 3283 237 3348 quam
259 3264 373 3347 egenis
396 3263 568 3362 quidquam
590 3257 704 3329 dare.“

139 3445 179 3514 Si
199 3449 351 3514 volebam
376 3447 489 3532 culpas
510 3445 606 3529 flere,

140 3571 222 3636 quas
244 3571 296 3616 me
319 3568 472 3615 suaseras
495 3550 632 3634 audere,

139 3663 176 3722 tu
198 3655 347 3738 dicebas,
371 3653 458 3738 quod
480 3654 675 3740 perflatus,
726 3655 769 3723 55

138 3759 256 3825 stultus
280 3758 393 3824 fierem
416 3765 449 3824 et
472 3777 590 3828 eacus.

138 3939 177 4006 si
198 3941 367 4008 studebam
390 3959 568 4026 revocare,
629 3955 633 3961 ’

138 4063 220 4128 quos
243 4047 416 4111 cernebam
440 4048 612 4130 aberrare,

137 4163 204 4214 non
228 4151 381 4215 cessabas
405 4151 591 4218 mussitaret

137 4249 280 4340 ,sufficit
301 4258 401 4318 temet
423 4247 585 4318 salvare.“
724 4252 766 4319 60

136 4421 176 4492 Si
197 4433 388 4509 peccantem
411 4427 605 4512 arguebam,

136 4523 170 4592 'tc
193 4527 354 4594 dicentem
376 4527 565 4594 audiebam:

137 4631 201 4718 „ad
224 4632 331 4697 odium
353 4633 414 4699 hos
438 4631 591 4717 accendis

134 4740 250 4800 contra
271 4741 314 4820 te,
338 4753 420 4818 quos
441 4727 690 4821 ιειιιιιιιιιιιιίἱι.ιε

1386 321 1453 390 cta

820 507 863 580 Si
883 513 1028 579 conabar
1053 508 1198 594 obedire,
1346 523 1349 530 ·
1409 511 1452 576 65

821 619 870 685 sic
890 620 1074 704 temptabas
1097 615 1276 682 contraire:

823 721 959 808 „quibus
982 719 1084 792 debes
1106 717 1212 804 major
1235 735 1320 806 esse,

821 823 940 912 subjici
960 843 1026 892 uon
1048 831 1100 890 est
1120 819 1288 890 necesse.“

822 983 861 1057 Si
881 987 1035 1056 morabar
1056 987 1090 1054 in
1111 986 1270 1072 legendo,

823 1093 1012 1160 stimulabas
1033 1111 1085 1158 me
1108 1089 1263 1159 diceudoz

825 1195 931 1282 „vade
953 1197 1059 1280 magis
1082 1195 1231 1280 operari,

824 1300 910 1370 unde
932 1301 1038 1386 possis
1061 1293 1266 1368 sustentari“

824 1477 864 1548 Si
884 1453 1036 1549 ¹volebam
1058 1482 1227 1564 laborare,

808 1591 861 1652 »tu
881 1588 1037 1651 movebas
1059 1605 1110 1650 me
1132 1605 1289 1673 pausare,

823 1707 866 1756 nc
889 1707 1009 1774 corpus
1032 1689 1252 1774 debilitarem,

823 1791 853 1858 si
876 1791 1042 1858 laboribus
1064 1791 1227 1856 instarem.

823 1967 862 2038 Si
884 1971 1036 2038 nolebam
1058 1969 1204 2054 litigare,

822 2077 873 2142 sic
893 2078 1077 2160 temptabas
1100 2077 1258 2148 animare:

825 2178 993 2258 „omnibus
1015 2177 1191 2260 despectus
1213 2178 1296 2260 eris,

824 2276 854 2340 si
874 2283 911 2341 tu
932 2284 1049 2342 cuncta
1070 2273 1235 2360 patieris.“

823 2454 863 2524 Si
884 2455 1025 2522 dormire
1048 2457 1166 2522 vellem
1187 2476 1316 2542 parum,

823 2565 860 2626 tu
880 2559 1025 2626 vocabas
1047 2577 1098 2624 me
1120 2559 1278 2644 ignarum,

822 2666 975 2749 quoniam
997 2665 1061 2730 cito
1083 2665 1243 2750 lippirem,

738 2763 741 2770 ⁴
823 2768 1027 2838 abundanter
1049 2769 1083 2834 ni
1106 2769 1287 2836 dormirem.

824 2947 863 3020 Si
884 2953 1036 3020 volebam
1057 2972 1179 3040 parcus
1201 2972 1285 3036 esse,

728 3053 772 3124 50
823 3054 973 3122 dicebas:
998 3073 1083 3139 ,non
1106 3063 1157 3122 est
1178 3073 1323 3139 necesse,

822 3157 900 3243 quia
921 3158 950 3222 si
973 3153 1144 3242 dispemas
1164 3177 1289 3242 parum,

821 3262 914 3329 multi
937 3263 1046 3362 dicent
1067 3269 1101 3328 te
1124 3257 1289 3328 avarum.“

821 3441 861 3512 Si
881 3445 1034 3512 volebam
1054 3465 1130 3512 esse
1152 3446 1275 3532 largus,

821 3555 858 3615 tu
880 3549 1028 3616 dicebas:
1052 3559 1144 3636 „esto
1166 3569 1295 3636 parcus,

822 3652 898 3736 quia
920 3653 984 3717 cito
1008 3653 1208 3736 dilabuutur,

818 3751 896 3838 *qua
917 3756 1072 3840 paulatim
1096 3756 1316 3839 acquiruntur.

822 3933 914 4020 Ergo
935 3938 1004 4002 vita
1025 3956 1080 4002 res
1101 3937 1229 4022 inepta,

821 4039 901 4124 solis
923 4039 1020 4103 fatuis
1043 4047 1194 4123 accepta,

820 4163 894 4208 cum
916 4143 960 4206 sis
982 4151 1053 4207 tota
1073 4143 1172 4228 plena
1194 4141 1302 4230 sorde,

820 4254 854 4314 te
875 4247 983 4313 refuto
1006 4255 1075 4313 toto
1098 4248 1208 4314 corde.

820 4416 903 4484 'loto
926 4419 1027 4484 corde
1050 4427 1083 4483 te
1106 4420 1227 4502 refuto,

817 4539 881 4586 nec
905 4524 1096 4587 sententiam
1119 4530 1296 4606 commuto,

816 4633 954 4692 mortem
976 4627 1054 4690 volo
1078 4626 1152 4710 plus
1175 4627 1293 4690 subire.

816 4730 876 4798 tibi
897 4731 966 4797 vita
988 4749 1085 4815 quam
1106 4730 1242 4796 servire.
1385 4728 1450 4798 2⁰0
