3324 5358
1373 309 1439 376 353

217 493 251 548 V.
270 493 322 550 187
339 488 387 564 fig.
416 497 521 566 σειραῖς
539 486 626 560 ζόφου
644 486 691 544 τὸν
713 487 849 562 δροιιοντα
867 484 1023 560 δεσμεύσας
1042 487 1069 542 έν
1086 485 1221 564 ταρτάρῳ.
1248 489 1319 546 Gour
1336 506 1362 562 p.
1378 491 1439 546 000.

130 583 236 652 Αροοιιί.
253 582 303 648 20,
323 583 348 634 2.
449 602 458 626 e

218 668 251 722 V.
271 669 329 722 195.
356 663 494 736 Quidquid
510 662 619 718 medico
637 665 738 718 nostro
756 663 887 734 penditur
904 661 1034 732 christo,
1059 663 1212 720 remedium
1229 669 1287 735 est,
1306 664 1439 736 quidquid

130 753 290 828 usurpatur,
308 751 518 810 incommodum.
548 751 666 806 Andros.
684 750 719 805 de
737 750 839 824 virgin.
857 753 883 821 3,
902 753 927 806 5.

218 843 251 896 V.
269 843 329 896 205.
354 839 370 896 ὁ
388 838 509 914 καταβὰς
527 837 572 894 ἐπί
590 835 641 910 γῆς
659 837 773 909 ἑκουσίῳ
793 843 915 909 πτωχείᾳ
934 835 981 893 διὰ
1001 838 1075 900 ἔλεος
1094 833 1173 892 πολύ.
1205 837 1327 894 Triods'on
1344 837 1378 907 Α,
1396 840 1420 893 0.

218 930 251 984 V.
269 930 329 984 209.
355 927 503 998 paradisus
521 925 560 980 ist
579 921 624 979 oft
642 924 692 978 mit
710 924 812 979 erolum
830 923 953 979 einerlei.
981 923 1147 994 Paupertati
1165 924 1296 980 saeculari
1314 925 1440 996 paradisi

131 1019 246 1075 divitias
264 1014 455 1088 praeferamus.
492 1014 520 1070 S.
541 1013 665 1084 Cypriani
683 1027 726 1081 ep.
744 1011 780 1067 ad
797 1011 942 1070 Fortunat
960 1027 985 1082 p.
1004 1013 1064 1064 515.

218 1104 251 1158 V.
269 1106 330 1158 231.
356 1102 440 1157 Diase
458 1102 631 1169 Benennuug
649 1097 687 1153 ist
705 1097 734 1151 in
752 1098 806 1152 den
820 1098 1036 1153 llarionliedern
1054 1095 1151 1170 hiufig
1170 1097 1216 1152 bei
1235 1097 1288 1154 den
1302 1099 1440 1156 (irieohen

129 1191 187 1247 und
202 1191 367 1258 Lateiuern‚
386 1189 432 1244 ioh
450 1188 512 1241 will
530 1187 584 1242 den
603 1183 699 1242 Gruud
716 1187 873 1253 homiues,
893 1181 1012 1242 woraus
1027 1183 1069 1240 sie
1087 1185 1205 1242 beruht:
1224 1183 1296 1262 dnip
1315 1186 1365 1250 τὰς
1383 1183 1439 1244 ἅνω

81 1275 87 1284 ’
130 1283 318 1354 χοροστασίας
336 1275 443 1354 ᾔρθης,
461 1273 590 1347 noiomo,
608 1270 677 1344 μόνη
694 1275 824 1346 ηενομένη
841 1270 927 1348 μήτηρ
948 1271 998 1328 τοῦ
1014 1271 1198 1348 ποντουρηοῦ.
1226 1275 1350 1332 Μαάλου
1366 1273 1398 1343 0,
1415 1277 1440 1328 2.

131 1365 167 1421 σι)
184 1364 237 1422 τῶν
256 1362 378 1440 ἆηιηέλων
397 1360 538 1436 ἄνωτέρα,
563 1355 594 1416 ὅν
612 1359 667 1436 μὰρ
686 1360 780 1416 ἐκεῖνοι
797 1363 943 1435 τρέμουσιν
961 1356 1000 1422 οἷς
1018 1359 1081 1432 θεῷ
1099 1357 1237 1431 ἀτενίσαι,
1257 1361 1292 1418 σὺ
1311 1358 1441 1436 οἷηοιαλίζη

131 1452 170 1516 εἱς
186 1449 246 1508 dedu
260 1471 318 1508 σου.
335 1451 399 1506 loto.
411 1451 446 1520 X,
457 1451 481 1504 1.
505 1447 553 1520 τὴν
571 1447 624 1503 τῶν
642 1446 766 1524 οὐρανῶν
784 1443 954 1524 ὑψηλοτέραν
972 1451 1018 1503 καί
1035 1449 1171 1525 χερουβίμ
1188 1447 1340 1526 ὑπερτέραν
1359 1449 1441 1526 κόρην

130 1538 274 1613 ὑμνοῦμεν.
305 1539 369 1594 idid

218 1629 252 1684 V.
270 1629 331 1682 250.
358 1627 454 1682 tatium.
481 1625 558 1682 Nihil
576 1625 651 1696 apud
669 1625 750 1680 deum
768 1625 855 1680 tutius
874 1625 1058 1696 supplicante.
1087 1623 1188 1678 Εειιοιί.
1207 1639 1269 1696 app.
1287 1627 1313 1694 9,
1332 1627 1374 1680 30.

227 1714 260 1770 V.
278 1716 338 1770 255.
366 1731 496 1786 sponsus,
515 1715 588 1769 nauh
605 1715 623 1767 2
642 1713 710 1800 Kos.
731 1714 773 1780 11,
791 1714 816 1766 2.
834 1712 931 1768 Matth.
949 1714 975 1782 9,
994 1715 1035 1766 15.
1054 1712 1171 1783 Apooal
1190 1714 1215 1782 9,
1234 1716 1258 1768 9.
1275 1717 1320 1784 21,
1339 1716 1362 1769 9.
1380 1730 1442 1771 wo·

131 1806 182 1861 mit
208 1821 244 1860 nu
267 1802 449 1876 vergleiohen
473 1801 570 1862 natta.
595 1801 646 1870 25,
671 1804 694 1855 1.
730 1800 932 1874 προσέλθωμεν
950 1798 1065 1874 Χριστῷ
1084 1797 1123 1862 εἰς
1140 1806 1257 1874 νυμφίῳ.
1290 1803 1396 1858 Cosmus
1412 1801 1442 1857 in

129 1894 238 1964 paseha
255 1896 289 1948 st
307 1893 348 1946 13.
376 1891 417 1948 let
433 1887 537 1962 hiufig.
573 1885 602 1946 S.
620 1889 673 1945 No.
691 1889 752 1958 254,
770 1890 813 1942 21.
841 1889 903 1958 249,
922 1889 965 1942 49.
987 1888 1083 1956 250,1.

218 1979 252 2034 V.
270 1980 330 2034 300.
357 1977 410 2034 τῶν
428 1975 601 2052 ἐγκλημάτων
617 1974 650 2031 τὸ
668 1974 740 2050 βαρύ
759 1973 879 2050 φόρτιον.
897 1975 1022 2031 Triodt'dn
1039 1976 1073 2044 Α,
1092 1971 1111 2028 f.
1131 1976 1156 2030 6.
1192 1971 1230 2039 ὥς
1248 1977 1323 2050 λίθῳ
1337 1975 1443 2055 doposi-

131 2087 213 2141 μενος
229 2073 290 2128 ταῖς
308 2066 423 2124 πολλαῖς
437 2062 593 2136 ἁμαρτίαις.
618 2062 681 2115 loto.
699 2061 758 2129 ΗΗ,
777 2064 802 2115 3.

220 2150 254 2205 V.
272 2152 332 2203 314.
355 2145 509 2218 συνδεσμὸς
534 2143 642 2207 ἀδικίας
649 2186 658 2211 ,
691 2145 845 2217 συνδεσμὸς
868 2146 1082 2223 ἁμαρτημάτων.
1116 2151 1236 2222 Οτίμευέο
1258 2153 1354 2208 homil.
1372 2155 1399 2223 9,
1416 2156 1442 2210 lt.

132 2240 206 2294 nach
223 2236 360 2292 Proverb.
379 2237 405 2303 5,
423 2237 466 2288 22.
484 2237 575 2310 σειραὶ
592 2231 646 2289 τῶν
666 2229 815 2308 α’μαρτιων.
843 2235 872 2288 S.
891 2235 944 2289 No.
962 2237 1006 2304 92,
1025 2237 1066 2290 18.

221 2323 254 2380 V.
272 2325 333 2378 337.
359 2321 501 2380 Mediator
518 2323 592 2378 inter
611 2322 691 2378 deum
710 2326 740 2376 et
757 2321 839 2376 deum
857 2335 921 2375 esso
939 2337 996 2378 non
1009 2326 1116 2392 posset,
1136 2323 1202 2392 qnia
1219 2339 1289 2380 unus
1307 2329 1352 2382 est
1365 2326 1442 2398 deus,

133 2413 261 2467 mediator
279 2415 367 2468 σοίευι
383 2413 462 2466 onius
478 2425 532 2465 ιιοιι
550 2414 588 2465 eat
605 2407 681 2479 (Gal
699 2410 725 2476 3,
743 2409 802 2476 20),
822 2407 888 2478 quia
905 2407 980 2462 inter
998 2407 1109 2478 aliquos
1127 2409 1235 2465 medius
1252 2417 1303 2467 est
1339 2414 1444 2486 Angeli

131 2514 237 2570 porro,
273 2499 322 2570 qui
339 2513 397 2554 uon
414 2496 488 2567 lapsi
506 2501 572 2552 sunt
597 2499 787 2565 aoonspeotu
805 2494 867 2563 dei,
898 2493 1054 2550 mediatore
1072 2511 1130 2552 non
1149 2513 1221 2569 opus
1239 2498 1357 2571 habent,
1389 2517 1442 2572 per

132 2601 215 2658 quem
232 2585 461 2642 reconcilientur.
493 2584 561 2639 item
579 2581 691 2655 angeli,
710 2581 758 2652 qui
775 2582 855 2636 nullo
874 2581 1010 2636 suadente
1028 2586 1186 2652 spontanei
1203 2589 1443 2658 praevaricatione

132 2674 177 2730 sio
194 2673 269 2744 lapsi
288 2677 369 2742 sunt,
387 2687 440 2743 per
457 2670 643 2727 mediatorem
660 2685 717 2725 uon
735 2669 963 2725 reconsiliantur.
994 2675 1087 2726 restat
1104 2689 1191 2745 ergo,
1209 2679 1254 2744 ut,
1273 2675 1321 2746 qui
1339 2676 1444 2732 media·

131 2765 197 2817 tore
215 2761 339 2830 superbo
358 2759 474 2816 diabolo
493 2758 654 2830 superbiam
672 2758 807 2814 suadente
826 2757 955 2832 dejectus
974 2761 1025 2827 est,
1044 2761 1200 2818 mediatore
1218 2764 1315 2819 humili
1329 2766 1443 2822 onrnto

133 2851 319 2906 humilitatem
332 2851 521 2929 persuadente
535 2849 672 2920 erigatur.
698 2849 770 2904 Nam
788 2849 813 2903 si
824 2845 907 2903 'lilius
926 2847 971 2902 dei
989 2848 1017 2902 in
1036 2850 1158 2905 naturali
1172 2851 1335 2922 aequalitate
1352 2855 1444 2925 patria

133 2953 247 2996 manere
265 2937 362 3008 vellet,
380 2954 437 2993 uon
456 2943 532 2992 esset
548 2937 688 2994 mediator
706 2937 753 2992 dei
772 2936 967 3006 othoninum,
991 2936 1056 3006 quia
1073 2938 1136 3007 ipsa
1154 2940 1267 2996 trinitas
1285 2957 1356 2998 unus
1374 2943 1443 2998 deus

133 3032 185 3084 est.
221 3025 270 3082 Sic
288 3027 383 3096 itaquo
401 3025 499 3082 unicus
517 3023 592 3080 filius
612 3024 658 3080 dei
670 3025 810 3080 mediator
828 3026 874 3081 dei
888 3032 917 3082 et
930 3025 1071 3082 hominum
1084 3024 1176 3082 factus
1190 3033 1242 3098 est,
1260 3034 1292 3085 ut
1304 3031 1444 3088 mediator

133 3119 211 3170 esset
227 3115 302 3169 inter
321 3113 402 3167 deum
420 3118 449 3168 ot
466 3114 593 3168 homines
611 3117 697 3170 homo
715 3131 768 3184 per
786 3115 867 3170 deum
884 3115 961 3170 ultra
978 3115 1113 3187 homines.
1147 3117 1280 3186 Αυηυείιῗιι.
1298 3118 1327 3172 in
1346 3135 1387 3188 ep.
1406 3119 1442 3174 ad

134 3198 194 3260 Gal
212 3205 229 3271 9
247 3205 289 3258 24.
315 3202 344 3258 S.
363 3202 416 3257 Νο.
436 3204 477 3271 11,
497 3205 538 3256 57,
558 3203 584 3271 4,
602 3203 627 3256 6.
669 3202 747 3271 coeli,
776 3202 821 3257 ein
838 3199 1048 3279 mangelhafter
1066 3202 1229 3274 Ausdruelr,
1261 3204 1313 3260 der
1330 3203 1443 3262 freilioh

137 3291 270 3347 dasselba
288 3289 428 3346 bedauten
447 3289 505 3346 soll
522 3290 579 3350 wie
596 3295 706 3362 μεσίτης
724 3288 798 3346 θεοῦ
810 3293 856 3346 καὶ
874 3288 1042 3365 ἀνθρώπων.
1071 3291 1127 3346 lul.
1145 3294 1188 3347 24.

222 3378 255 3432 V.
279 3379 339 3433 349.
357 3379 417 3437 ata
449 3371 587 3433 Diabolus
614 3377 652 3433 ad
678 3377 811 3434 solatium
837 3377 1135 3434 malevolentissimum
1162 3382 1350 3439 damnationis
1374 3397 1442 3452 suae,

135 3483 197 3524 oum
218 3467 316 3538 quibus
336 3465 489 3536 damnatur,
507 3467 631 3537 inquirit.
658 3468 791 3540 Αυηυείίιι.
810 3470 845 3524 de
865 3468 1109 3526 assecuratio

224 3574 258 3628 V.
275 3573 335 3627 961.
361 3571 438 3642 vitis.
465 3571 604 3628 Hieriibor
628 3577 695 3643 aagt
720 3573 837 3630 cremesa
860 3573 937 3628 Alea.
955 3573 1063 3646 pandag.
1089 3576 1115 3642 1,
1133 3574 1158 3628 5.
1183 3575 1249 3627 sehr
1267 3575 1332 3643 gut:
1365 3572 1443 3646 φέρει

136 3654 244 3731 οἶνονῆ
263 3657 393 3733 ἄμπελος,
412 3654 449 3722 ὦς
466 3656 534 3731 αἷμα
553 3657 568 3714 ὁ
588 3647 684 3735 λόγος·
702 3655 786 3731 ἄμφω
805 3659 836 3714 δὲ
856 3655 1021 3734 ἀνθρώποις
1038 3661 1124 3716 ποτὸν
1142 3663 1181 3723 εἰς
1198 3661 1341 3732 σωτηρίαν,
1359 3653 1375 3712 ὁ
1392 3657 1443 3728 μέν

136 3741 209 3812 οἶνος
227 3746 266 3819 τῷ
284 3746 404 3821 σώματι,
437 3745 469 3803 τὸ
489 3746 520 3802 δὲ
539 3743 608 3820 αίμοι
626 3744 665 3818 τῷ
682 3745 824 3819 πνεύματι.
860 3747 911 3802 Als
929 3747 1134 3803 wunderbarer
1151 3745 1238 3800 Wein
1263 3743 1337 3798 wird
1355 3742 1443 3798 daher

135 3839 209 3894 auch
228 3836 355 3894 Christus
374 3833 546 3910 ἆηεοίρρητος
563 3833 664 3911 βότρυς
682 3841 819 3907 genannt,
840 3837 961 3892 Triodtoo
978 3837 1009 3906 Τ,
1027 3837 1052 3889 3,
1082 3835 1105 3888 d.
1123 3834 1141 3890 i.
1160 3833 1206 3886 ein
1224 3831 1368 3900 Traubeu‚
1388 3830 1443 3885 den

134 3924 202 3980 kain
229 3923 368 3979 irdisoher
391 3923 598 3997 Weingtirtner
620 3918 772 3993 'gepflauut
795 3923 861 3993 hat,
893 3915 1018 3978 sonderu
1045 3922 1105 3976 sein
1131 3919 1321 3976 himmlisoher
1347 3917 1444 3974 Vater.

135 4012 304 4080 Joh.15,1.

225 4115 258 4169 V.
276 4115 337 4170 380.
355 4115 415 4170 381.
443 4115 536 4172 Aliter
554 4115 652 4186 Adam,
670 4115 755 4172 aliter
772 4117 840 4185 Eva,
859 4115 944 4172 aliter
957 4117 1039 4187 Abel,
1057 4117 1141 4172 aliter
1159 4117 1244 4170 horno
1262 4113 1345 4169 Jesus
1363 4111 1445 4168 ohti-

135 4210 214 4276 stne3
247 4209 276 4260 et
300 4205 328 4258 in
353 4203 481 4260 omnibus
506 4201 626 4260 divorsis
644 4205 768 4260 exordiis
792 4221 848 4259 una
865 4204 985 4261 hominis
1003 4210 1105 4263 natura
1123 4220 1181 4260 non
1199 4199 1300 4258 differt
1335 4199 1443 4256 Hieron.

137 4294 202 4350 adv.
219 4293 283 4348 doh
301 4292 393 4348 loros.
411 4294 454 4346 32.

223 4380 256 4434 V.
274 4381 334 4436 499.
352 4379 464 4435 bezieht
482 4379 542 4435 sioh
560 4375 614 4435 auf
626 4379 690 4436 Joh.
709 4379 734 4449 8,
752 4381 810 4448 29,
828 4379 963 4437 woriibor
981 4379 1113 4450 Αυηαείίιι.
1131 4377 1160 4435 iu
1178 4393 1221 4433 ev.
1239 4375 1302 4431 tou
1322 4373 1371 4440 40,
1390 4372 1406 4438 s
1424 4372 1442 4425 0

136 4473 211 4540 sagi,
228 4467 305 4524 misit
321 4472 403 4538 pater
420 4464 515 4538 filium,
534 4467 584 4522 sed
601 4483 659 4523 non
676 4468 796 4542 recessit
812 4485 831 4523 a
847 4465 923 4538 11οο,
941 4467 1093 4536 nonenim,
1113 4482 1168 4536 quo
1182 4463 1257 4519 misit
1270 4457 1367 4528 lilium,
1385 4473 1442 4513 non

136 4555 177 4612 ibi
194 4559 259 4610 erat
276 4559 365 4624 pater.
383 4555 508 4622 Ejusdem
525 4555 605 4625 epist
621 4556 681 4624 170,
695 4556 720 4611 5.
746 4553 859 4610 trinitas
873 4555 954 4611 unius
969 4559 1014 4612 est
1032 4555 1213 4628 ejusdemque
1231 4552 1340 4604 naturas
1359 4549 1444 4615 atque

136 4642 317 4710 substantiae,
345 4657 402 4696 non
419 4642 511 4698 minor
534 4640 564 4697 in
582 4643 716 4714 singulis,
748 4659 830 4713 quarn
848 4644 877 4698 in
895 4645 1039 4714 omnibus,
1071 4658 1123 4698 neo
1141 4641 1235 4713 major
1259 4637 1289 4692 iu
1307 4633 1445 4706 omnibus,

138 4745 221 4802 quam
246 4730 274 4784 in
292 4729 427 4801 singulis3
462 4729 512 4786 sed
531 4735 611 4787 tanta
634 4731 663 4786 in
682 4730 745 4788 solo
764 4737 862 4803 patre,
895 4733 943 4792 vol
960 4734 989 4788 in
1007 4731 1071 4788 solo
1091 4726 1167 4798 filio,
1193 4728 1299 4796 quauta
1315 4721 1345 4778 in
1361 4726 1464 4792 patre,

183 4847 270 4898 Μουε,
286 4844 370 4894 latoin.
386 4847 509 4904 Hymnen.
540 4852 559 4896 1.
1002 4887 1009 4898 .
1192 4821 1236 4885 23
