3316 5358
269 494 460 559 Mortalibus
483 491 534 554 his
556 491 645 555 exuti
666 495 818 574 repetunt
841 488 998 590 originem

272 603 305 661 et
327 603 521 680 praesentem
543 593 691 658 veritatis
714 593 974 675 contemplantur
992 592 1150 676 speciem,

268 697 344 766 hinc
367 699 498 765 vitalem
520 695 588 762 vivi
610 695 707 760 fontis
731 695 882 760 hauriunt
905 693 1123 778 dulcedinem,

269 858 349 926 Inde
373 866 489 923 statum
511 874 641 940 semper
665 855 748 920 idern
771 855 932 920 existendi
955 857 1101 939 capiunt,

267 967 356 1046 clari,
379 963 488 1046 vividi,
507 960 652 1046 jocundi,
675 960 770 1024 nullis
791 965 906 1043 patent
928 959 1076 1042 casibus,

269 1070 386 1134 absunt
404 1066 516 1150 morbi,
539 1083 668 1148 semper
691 1062 779 1128 sanis
802 1069 953 1128 senectus
971 1061 1155 1146 juvenibus.

271 1229 355 1300 Hinc
376 1249 521 1317 pereuuo
544 1237 655 1296 tenent
678 1243 767 1313 esse,
790 1247 863 1294 nam
887 1227 1026 1294 transire
1049 1231 1189 1315 transiit,

268 1337 343 1404 inde
367 1339 495 1420 vigent,
518 1335 640 1420 virent,
661 1333 793 1416 florent,
817 1333 1005 1418 corruptela
1027 1331 1165 1419 commit,

266 1439 515 1506 immortalitatis
536 1439 633 1520 vigor
654 1443 790 1502 mortem
808 1437 880 1519 jam
903 1436 1079 1502 absorbuit.

267 1601 329 1680 Qui
351 1601 505 1667 scientem
528 1609 644 1667 cuncta
666 1603 780 1683 sciunt,
804 1601 882 1683 quid
903 1601 1030 1668 nescire
1053 1611 1232 1688 nequeunt,

269 1725 343 1769 nam
366 1711 399 1768 et
421 1705 564 1788 pectoris
587 1723 708 1770 arcana
731 1711 905 1788 penetrant
928 1704 1130 1789 alterutrum,

270 1827 367 1873 mum
388 1808 510 1890 volunt,
533 1827 630 1873 unum
652 1809 773 1891 nolunt,
796 1808 903 1872 unitas
926 1814 976 1872 est
997 1811 1158 1875 mentium.

263 1965 358 2038 Licet
381 1969 495 2053 cuique
518 1969 560 2034 sit
582 1969 746 2060 diversum
767 1990 829 2056 pro
853 1971 968 2038 labore
991 1974 1175 2058 praemium,

267 2075 387 2138 caritas
408 2073 474 2135 hoc
495 2092 587 2135 suum
610 2075 708 2155 facit,
730 2075 817 2156 quod
839 2077 981 2140 amatim
1006 2077 1126 2160 altero,

269 2174 437 2258 proprium
459 2170 497 2234 lit
520 2173 736 2256 singulorum,
761 2193 928 2240 commune
950 2177 987 2240 lit
1010 2180 1157 2245 omnium.

265 2335 330 2404 Ubi
353 2354 473 2420 corpus
495 2336 572 2402 illuc
590 2335 668 2420 jure
691 2344 935 2419 congregantur
957 2340 1085 2422 aquilae,

268 2461 331 2526 quo
358 2461 429 2508 cum
454 2443 578 2526 angelis
602 2449 635 2506 et
657 2449 780 2507 sanetae
802 2449 993 2507 recreantur
1015 2444 1140 2526 animae,

267 2565 332 2613 uno
356 2565 441 2630 pane
465 2545 579 2610 vivunt
602 2547 690 2612 cives
713 2547 878 2630 utriusque
900 2548 1025 2631 patriae.

267 2706 369 2774 Avidi
395 2725 524 2792 semper
547 2713 580 2770 et
601 2707 706 2790 pleni,
730 2707 818 2790 quod
840 2705 977 2791 liabent,
1001 2707 1204 2792 desiderant,

270 2830 336 2876 non
358 2813 492 2876 satietas
514 2810 765 2894 fastiditusque
788 2812 891 2875 tames
915 2814 1056 2898 cruciat,
1229 2809 1233 2816 ’

265 2917 426 2981 inhiantes
449 2933 578 2998 semper
601 2915 700 2979 edunt
724 2923 758 2980 et
780 2913 914 2980 edentes
933 2913 1083 3000 jubilant.

266 3083 378 3150 Novas
402 3103 531 3168 semper
553 3083 738 3148 harmonias
760 3102 828 3147 vox
849 3081 979 3148 meloda
1002 3091 1179 3168 concrepat

266 3197 300 3254 et
321 3190 354 3254 in
371 3189 511 3275 jubilum
533 3189 662 3272 prolata
683 3185 827 3252 mulcent
850 3205 945 3251 aures
968 3205 1111 3270 organa,
1214 3257 1216 3264 ,

265 3293 374 3377 digna,
397 3313 458 3378 per
480 3312 576 3376 quem
598 3299 672 3356 sunt
694 3292 847 3374 victorae,
870 3289 1022 3374 regidant
1042 3292 1218 3376 praeconia,

267 3455 379 3536 Felix,
403 3453 477 3520 coeli
500 3471 573 3535 quae
595 3458 790 3536 praesentem
812 3471 925 3534 regem
948 3451 1067 3537 ceruit,
1090 3453 1195 3520 anima

267 3566 302 3624 et
324 3561 384 3625 sub
407 3573 442 3620 se
465 3561 593 3639 spectat
615 3555 732 3619 alterni
754 3555 842 3620 erbis
864 3554 955 3619 volvi
976 3556 1173 3642 machinam,

267 3664 385 3744 solem,
407 3660 517 3726 lunam
539 3664 573 3722 ct
595 3657 733 3741 globosa
756 3658 823 3723 bini
846 3677 960 3724 cursus
984 3658 1102 3725 sidera.

266 3825 404 3909 Christe,
427 3825 536 3910 palma
557 3824 759 3908 bellatorum,
778 3825 842 3890 hoc
862 3826 896 3889 in
918 3826 1123 3910 municipium

265 3931 416 3996 introduc
437 3949 489 3994 me
512 3938 588 4013 poet
611 3930 750 3994 solutum
771 3929 909 3994 militare
933 3929 1105 4012 cingulum,

265 4035 320 4102 lac
342 4041 524 4100 consortem
548 4035 692 4100 donativi
714 4034 883 4132 beatorum
906 4033 1030 4098 civium.

264 4199 381 4266 Praebe
402 4201 491 4264 vires
512 4198 705 4263 inexhausto
727 4198 889 4264 laboranti
910 4197 1046 4282 proelio,
1166 4209 1170 4218 '

264 4311 301 4370 ut
323 4305 461 4387 quietem
482 4310 559 4386 post
580 4301 791 4386 praecinctum
814 4300 936 4366 debeas
961 4299 1096 4364 emerito

266 4415 364 4492 teque
385 4427 513 4472 merear
534 4405 633 4490 potiri
656 4406 725 4470 siue
748 4401 813 4470 fine
836 4405 981 4489 praemio.
1399 4399 1442 4466 60

222 4629 271 4686 lla.
287 4647 323 4685 nu
340 4628 511 4699 Karlsrulre,
530 4630 604 4685 olma
622 4630 768 4698 Nummer,
788 4631 822 4682 15
840 4627 938 4684 Janrn
954 4629 1012 4698 (Α)
1031 4627 1081 4684 bia
1099 4623 1220 4683 llalcdie
1238 4623 1324 4679 sollte
1341 4623 1439 4696 beiga·

136 4715 285 4776 achrieben
310 4718 441 4789 werden,
472 4718 541 4774 aber
565 4717 610 4775 die
628 4716 829 4776 Notenatriclre
853 4715 915 4774 sind
939 4715 1008 4772 laer.
1044 4713 1130 4777 steht
1148 4712 1221 4769 auch
1237 4711 1285 4769 bei
1301 4710 1346 4769 Dte
1362 4711 1444 4769 lldttl
