3280 5358
1439 345 1472 398 Y

157 540 205 622 sit,
228 539 369 622 vestigia
395 536 493 622 hujus
521 536 625 602 ruinae
652 531 742 599 hand
770 549 876 617 pauca
903 531 937 596 in
965 531 1056 596 libris
1077 530 1304 614 manuscriptis
1334 553 1465 602 reman-

157 684 274 760 serunt,
307 695 379 759 quae
409 674 568 740 subtiliori
593 672 719 758 judicio
748 669 951 737 discutienda
973 675 1056 753 sunt,
1083 675 1119 734 ut
1141 675 1175 734 et
1193 670 1318 756 regulis
1341 671 1465 758 lingum

157 815 337 880 satisfacias
369 813 402 878 e't
434 817 614 896 temporum
645 809 787 874 indolem
819 825 1005 874 conserves.
1058 805 1138 872 Inde
1168 807 1282 873 mhnm
1309 827 1375 876 non
1402 817 1465 894 est,

73 983 77 988 ·
156 950 391 1015 vetustissimos
416 949 555 1034 hymnos
577 949 768 1034 plerumque
796 954 829 1011 et
860 951 1032 1030 corruptos
1063 963 1147 1028 esse,
1171 965 1243 1013 cum
1268 947 1302 1012 in
1323 949 1465 1034 plurima

158 1089 351 1173 apographa
374 1095 407 1152 et
431 1087 588 1154 sermonis
611 1087 692 1152 vitia
714 1085 833 1169 aliique
857 1103 988 1150 errores
1010 1084 1202 1168 irrepserint
1224 1093 1257 1149 et
1279 1106 1300 1150 a
1321 1085 1465 1152 librariis

157 1225 257 1308 longo
281 1232 429 1308 tempore
451 1225 583 1310 repetiti
605 1225 677 1306 sint,
701 1231 737 1290 nt
764 1223 819 1288 vel
840 1223 1012 1288 multorum
1041 1222 1188 1289 codicum
1215 1223 1335 1290 auxilio
1364 1223 1465 1290 lultus

158 1365 249 1431 locos
273 1363 472 1448 depravatos
495 1383 587 1448 segre
611 1362 783 1428 emendare
805 1363 921 1448 possis.

243 1654 347 1722 Venio
376 1655 419 1721 ad
444 1657 744 1741 interpretationem
771 1657 972 1742 hymnorum,
1002 1677 1097 1742 quam
1125 1677 1220 1743 teque
1243 1659 1465 1726 necessariam

157 1809 228 1856 esse
247 1811 312 1858 non
331 1799 390 1876 est,
415 1794 503 1877 quod
525 1794 711 1862 dubitemus.
768 1794 842 1860 Jam
873 1797 958 1860 enim
986 1795 1093 1864 medio
1123 1813 1196 1861 sevo
1219 1797 1337 1863 multos
1359 1797 1466 1882 scrip·

157 1935 244 1992 tores
273 1935 339 1994 tam
364 1931 483 1996 latinos
514 1953 611 2016 qnam
642 1952 771 2018 graecos
803 1933 879 1999 huio
907 1935 956 1998 rei
986 1952 1120 2019 operam
1151 1932 1281 1998 dedisse
1301 1951 1466 2000 commen·

20 2058 37 2158 ,'
156 2067 321 2150 tariosque
353 2068 546 2152 hymnorum
578 2072 759 2138 confecisse
792 2079 937 2156 constat,
969 2091 1041 2139 cum
1075 2093 1116 2138 ea
1148 2079 1339 2160 tempestate
1370 2072 1467 2158 hym·

152 2223 270 2270 norum
296 2209 470 2292 explicatio
501 2211 534 2275 in
566 2210 689 2276 scholis
717 2211 912 2296 traderetur,
940 2219 977 2278 ut
1008 2214 1103 2298 pueri
1130 2214 1360 2298 intelligerent,
1388 2209 1468 2298 quid

152 2356 311 2414 canerent
333 2358 430 2435 atque
455 2352 635 2418 doctrinam
658 2353 866 2418 christianam
895 2360 1057 2438 perpetua
1079 2355 1274 2440 repetitione
1298 2371 1467 2420 sacrorum

37 2575 42 2584 ι
148 2489 250 2556 altius
272 2491 473 2558 imbiberent.
518 2490 579 2568 Qui
592 2491 770 2573 scriptores
784 2511 827 2554 ex
841 2490 977 2556 instituti
991 2491 1042 2554 sui
1061 2491 1188 2554 ratione
1206 2491 1241 2554 id
1261 2490 1466 2573 potissimum

45 2703 50 2712 ,
146 2635 353 2716 spectarunt,
375 2637 413 2694 ut
433 2646 555 2712 pueros
574 2629 608 2692 in
627 2627 846 2711 grammaticae
862 2634 895 2692 et
907 2625 1079 2693 bibliorum
1093 2645 1261 2692 sacrorum
1279 2626 1467 2710 cognitione

42 2857 50 2880 ⁸
141 2769 257 2856 probe
290 2774 492 2852 exercerent,
526 2787 589 2850 quo
624 2767 745 2834 factum
779 2776 838 2853 est,
871 2775 907 2834 ut
940 2766 1161 2834 commentarii
1196 2763 1466 2850 interpretatione

18 2936 36 3014 ,a
141 2907 366 2992 grammatica
388 2916 422 2974 et
443 2910 563 2976 biblica
593 2909 851 2992 absolverentur,
882 2908 1108 2974 adnotationes
1140 2914 1248 2972 autem
1280 2906 1403 2973 critioae
1430 2911 1467 2974 et

140 3055 313 3131 excerpta
336 3056 521 3116 sanctorum
542 3056 671 3134 patrum
693 3048 857 3114 rarissime
880 3048 1087 3114 adderentur.
1131 3044 1213 3114 (ium
1231 3064 1312 3112 vero
1334 3045 1466 3132 hymnis

113 3189 174 3271 in
200 3186 329 3252 scholis
351 3205 416 3266 non
439 3188 576 3271 amplius
605 3195 743 3270 utamur,
774 3184 854 3250 illud
883 3205 988 3269 genus
1018 3186 1320 3253 commentariorum
1349 3191 1465 3250 nostro

133 3343 219 3402 aevo
240 3343 362 3408 parum
383 3327 560 3392 convenire
584 3325 725 3408 videtur,
749 3330 846 3406 atque
870 3324 973 3408 quaeri
997 3331 1117 3408 potest,
1145 3343 1222 3389 num
1245 3321 1466 3408 explicatione

25 3438 30 3446 ’
130 3467 344 3552 hymnorum
365 3464 596 3548 indigeamus?
643 3461 740 3542 Quod
771 3463 800 3526 si
822 3461 1050 3546 affirmaveris,
1073 3463 1178 3527 altera
1201 3460 1340 3544 quaestio
1363 3459 1468 3525 oritur

129 3614 256 3674 utrum
281 3603 526 3667 commentarius
549 3622 568 3667 e
590 3601 681 3666 libris
704 3601 920 3666 recentiorum
946 3601 1140 3688 scriptorum
1162 3597 1386 3664 conficiendos
1408 3597 1463 3681 sit,

127 3767 177 3812 an
203 3741 327 3831 potius
350 3741 539 3806 testimoniis
561 3746 709 3805 veterum
731 3745 859 3824 patrum
883 3738 1063 3803 innitatur?
1105 3735 1274 3819 Equidem,
1301 3734 1466 3820 quiahoc

121 3879 392 3974 praeferendum
414 3880 465 3964 sit,
488 3881 593 3946 nullus
617 3879 739 3963 dubito,
761 3898 858 3962 quum
876 3885 910 3942 et
931 3877 996 3963 ipsi
1016 3875 1259 3960 hymnographi
1279 3895 1298 3940 e
1318 3873 1464 3941 fontibus

118 4031 275 4112 patrum
307 4017 485 4102 hauserint,
515 4037 596 4102 quos
627 4025 664 4084 ut
691 4019 854 4101 interpres
886 4021 1051 4099 sequatur,
1078 4015 1262 4098 ambiguum
1292 4032 1366 4079 esse
1395 4031 1462 4080 non

113 4168 257 4252 potest.
312 4153 453 4221 Veteres
477 4156 561 4220 enim
583 4157 760 4240 scriptores
782 4153 951 4220 christiani
979 4151 1151 4236 derebus,
1179 4171 1253 4235 quae
1274 4152 1308 4215 in
1330 4151 1461 4234 hymnis

114 4304 336 4386 tanguntur,
367 4301 433 4360 tam
462 4297 545 4360 bene
578 4301 758 4378 senserunt,
787 4301 823 4359 ut
854 4310 966 4376 operae
995 4291 1134 4376 pretium
1169 4289 1328 4372 videatur,
1352 4306 1465 4354 eorum

111 4439 330 4510 sententias
358 4437 525 4522 colligere,
549 4436 664 4518 quibus
691 4435 784 4517 quasi
815 4431 1098 4499 chrestomathiam
1129 4430 1267 4514 egregie
1301 4427 1460 4493 dictorum

106 4588 257 4654 habeas
288 4583 396 4660 atque
421 4595 612 4662 cognoscas,
647 4594 742 4659 quam
773 4582 850 4660 apte
879 4574 1091 4658 hymnologia
1119 4579 1152 4636 ct
1174 4571 1296 4652 scripta
1313 4573 1462 4630 veterum

102 4728 400 4798 christianorum
439 4721 524 4787 inter
553 4739 589 4786 se
621 4717 809 4786 cohaereant
839 4723 872 4782 et
899 4717 1037 4783 invicem
1075 4714 1311 4780 illustrentur..
1341 4703 1468 4775 Addidi
