3280 5358
215 313 266 384 w

218 505 363 590 'l'empus
386 502 486 586 elegit
508 501 622 566 hiemis
901 497 987 564 Exul
1010 517 1029 562 a
1051 494 1148 559 domo
1169 490 1304 576 propria

219 619 354 679 mentor
377 609 479 675 omnis
501 605 675 690 temporis,
902 604 1008 670 carnis
1031 601 1168 666 vestitur
1190 597 1313 680 tunica,

218 693 261 782 ut
282 714 397 780 mentis
419 712 496 796 gelu
518 709 649 794 frigoris
902 715 1099 788 monstram,
1124 701 1211 788 quod
1233 701 1348 764 vivens
1370 700 1475 766 anima

221 839 249 896 ,a
271 817 394 884 cunctis
415 815 518 900 pellat
538 810 682 897 perfidis.
902 810 978 884 huic
999 807 1118 877 mundo
1141 812 1305 870 extranea.
1486 800 1533 864 80

225 998 310 1064 Gelu
332 1015 468 1078 namque
490 991 640 1078 perfidiae
810 991 851 1052 65
903 989 1026 1056 Vivere
1048 988 1081 1052 in
1103 985 1167 1049 hoo
1188 982 1308 1076 saeculo

221 1103 317 1168 venit
339 1099 485 1165 Christus
508 1097 676 1182 depellere
905 1093 982 1180 quid
1005 1111 1099 1174 quam
1121 1084 1369 1177 peregrinatio?

206 1204 323 1289 ‚fidem
346 1221 474 1286 quoque
498 1199 679 1265 accendere
906 1196 965 1262 sed
989 1195 1078 1261 clara
1101 1193 1154 1256 dei
1175 1191 1258 1254 visio

208 1321 295 1375 'suae
318 1308 462 1373 caritatis
483 1307 570 1388 igne.
905 1309 1017 1367 nostra
1039 1317 1121 1364 vere
1142 1303 1193 1360 est
1213 1292 1346 1358 mansio.

225 1483 351 1558 Hiemis
373 1486 446 1550 tulit
468 1485 607 1567 frigora,
905 1482 988 1548 Hinc
1005 1501 1065 1566 per
1083 1498 1196 1560 omne,
1220 1474 1307 1560 quod
1326 1473 1466 1558 agimus,
1489 1472 1535 1536 85

225 1597 263 1655 ιιι
284 1607 345 1652 nos
366 1605 428 1671 pro
452 1605 510 1650 sua
532 1586 637 1668 gloria
811 1583 852 1646 'ld
906 1587 970 1650 hoc
992 1582 1179 1666 quaerimus,
1202 1579 1266 1642 hoc
1289 1577 1443 1660 cupimus,
1627 1575 1628 1606 l

226 1692 338 1760 carnis
359 1709 549 1775 spernamus
572 1687 757 1770 commoda,
906 1699 942 1754 ut
962 1687 1065 1770 ruptis
1088 1684 1194 1749 carnis
1216 1682 1354 1745 nexibus

225 1797 400 1879 diligamus
422 1793 638 1876 incommoda,
908 1793 982 1859 omli
1000 1791 1176 1875 jungamur
1198 1787 1330 1853 civibus.

227 1976 283 2050 En
305 1977 392 2061 quod
414 1977 503 2052 carni
524 1975 704 2056 molestius,
907 1976 957 2042 Da
978 1974 1082 2059 patris
1103 1971 1262 2056 sapientia

228 2081 318 2166 quod
338 2081 457 2146 mundo
480 2088 530 2144 est
551 2080 750 2164 despectius,
908 2087 964 2143 tua
986 2076 1079 2159 sequi
1100 2074 1247 2154 humilia,

230 2185 320 2269 quod
342 2187 416 2269 plus
438 2186 530 2250 foetet
552 2185 719 2265 divitibus,
814 2183 856 2244 '15
908 2190 944 2246 ut
964 2181 997 2244 iu
1019 2187 1156 2263 paterna
1178 2176 1284 2259 gloria

229 2290 333 2372 elegit
355 2290 408 2354 dei
430 2287 522 2356 filius.
675 2349 678 2361 ,
842 2299 847 2306 “
909 2293 942 2350 te
964 2282 1131 2348 laudemus
1152 2281 1186 2344 iu
1209 2277 1338 2343 saecula.

321 2495 369 2552 lls.
387 2511 421 2548 zu
440 2492 603 2562 llarlsruhe,
622 2492 695 2547 ohne
713 2490 852 2558 Nummer,
871 2503 921 2542 aus
940 2486 1002 2541 dem
1020 2485 1054 2539 15
1072 2481 1167 2540 Jahrn

323 2633 356 2690 V.
376 2636 452 2690 1-t.
478 2633 509 2689 lu
526 2638 629 2688 ustura
647 2649 699 2688 sne
716 2637 782 2688 ente
800 2637 928 2704 tempora
945 2635 1094 2702 natusest,
1111 2632 1140 2686 iu
1153 2636 1252 2687 nostra
1265 2632 1343 2686 venit
1356 2647 1390 2688 ex
1403 2635 1543 2702 tempore.

230 2723 341 2795 (ἕτερον.
359 2725 394 2778 Μ.
412 2724 484 2778 hom.
501 2723 531 2776 in
549 2738 591 2776 ον.
611 2724 636 2790 1,
654 2723 680 2792 8,
698 2725 722 2776 1.
750 2722 869 2795 σήμερον
888 2715 903 2774 o‘
922 2714 1043 2793 ἄναρχος
1062 2715 1183 2794 ἄρχεται.
1212 2720 1276 2776 Dec.
1294 2722 1338 2776 25.

320 2809 353 2864 V.
371 2812 388 2862 5
405 2807 452 2881 dg.
479 2810 601 2864 Verbum
619 2824 637 2863 a
654 2807 801 2879 principio,
818 2822 871 2878 per
890 2806 965 2875 quod
983 2803 1143 2862 factasunt
1161 2812 1297 2878 tempora,
1318 2813 1426 2878 tempus
1440 2808 1540 2878 elegit,

230 2913 290 2969 quo
309 2897 464 2967 susciperet
481 2913 609 2966 carnem,
633 2911 690 2949 uon
707 2894 828 2964 tempori
846 2893 945 2966 cessit,
975 2899 1007 2949 ut
1025 2899 1184 2966 verteretur
1202 2895 1231 2950 iu
1250 2911 1369 2950 carnem
1404 2897 1538 2968 Ααμωίίσ.

228 3003 277 3058 ep.
296 2988 356 3055 137,
375 2989 415 3042 10.

322 3072 355 3128 V.
377 3075 411 3127 10
434 3069 480 3144 dg.
508 3073 591 3127 Diere
618 3070 770 3128 Gedauken
797 3069 898 3148 driickt
924 3069 1071 3125 Tertulltun.
1097 3071 1159 3124 adv.
1185 3071 1271 3126 Marc.
1299 3073 1329 3140 5,
1359 3073 1383 3127 9.
1411 3089 1444 3130 ιο
1472 3089 1541 3128 aus:
1626 3087 1627 3158 j

231 3161 373 3217 noemma
398 3160 546 3218 nativitate
573 3159 720 3213 declarant
744 3157 895 3228 evangelia
918 3157 1070 3227 dominum,
1102 3162 1133 3213 ut
1156 3160 1211 3217 hoc
1235 3160 1273 3214 sit
1297 3165 1362 3216 ante
1390 3159 1540 3218 luciferum

234 3249 298 3318 (Ρι.
317 3251 377 3317 109,
395 3249 442 3319 3),
474 3251 503 3302 et
521 3264 555 3301 ex
574 3245 659 3302 stelld
676 3245 767 3317 magis
784 3245 944 3315 intellecta,
972 3251 1001 3300 et
1019 3261 1053 3300 ex
1071 3246 1232 3302 testimonio
1251 3247 1362 3319 angeli,
1388 3249 1435 3319 qui
1453 3255 1539 3305 nocte

233 3337 399 3408 pastoribus
417 3333 600 3403 annuntiavit,
619 3337 714 3388 natum
732 3349 795 3387 esse
813 3333 967 3403 Christum
995 3338 1024 3388 et
1042 3350 1076 3388 ex
1093 3333 1159 3389 loco
1177 3339 1284 3404 partus,
1302 3335 1332 3389 in
1350 3335 1542 3391 diversorium

233 3426 308 3481 eninr
326 3426 363 3480 ad
380 3429 491 3479 noctem
509 3422 680 3477 convenitur.
715 3423 850 3477 Fortasse
864 3438 900 3477 an
914 3427 943 3476 et
956 3421 1074 3493 mystice
1088 3419 1192 3477 factum
1204 3422 1251 3492 sit,
1268 3427 1300 3478 ut
1312 3428 1396 3478 nocte
1409 3423 1542 3481 Christus

233 3517 414 3581 nasceretur,
438 3511 486 3564 lux
503 3509 632 3564 veritatis
650 3506 762 3563 futurus
779 3509 950 3580 ignorantiae
968 3509 1098 3563 tenebris.

325 3600 358 3654 V.
376 3601 417 3654 15.
444 3597 645 3668 pauperrimus.
671 3595 718 3652 τὸν
747 3599 863 3666 ἔσχατον
889 3595 937 3669 τῆς
963 3602 1058 3659 πενίας
1086 3594 1151 3671 ὅρον
1170 3596 1199 3652 ἐκ
1216 3601 1370 3669 προοιμίων
1387 3593 1476 3652 αὐτῶν
1494 3602 1545 3654 καί

235 3689 269 3754 ἐξ
283 3683 371 3742 αὐτῶν
389 3681 492 3740 ὠδίνων
511 3682 707 3757 ἀσπαζόμενος.
743 3685 772 3741 S.
791 3687 962 3758 chrysostomi
980 3702 1044 3755 opp.
1065 3687 1107 3752 12,
1125 3686 1184 3738 3714.
1203 3685 1244 3738 ed.
1262 3684 1451 3742 Montfaueon.

324 3773 357 3827 V.
376 3775 417 3827 1t.
443 3773 524 3828 Weil
542 3773 595 3827 deu
609 3774 853 3843 Weltmenschen,
873 3774 917 3828 die
936 3774 997 3828 sich
1015 3771 1062 3827 fiir
1080 3771 1245 3842 ausgelrl'art
1262 3773 1371 3842 hulten,
1391 3774 1442 3828 das
1460 3775 1546 3832 chri-

234 3861 379 3918 stenthum
402 3861 464 3915 eine
489 3863 625 3918 Thorheit
648 3864 693 3918 ist.
720 3864 813 3920 lGor.
833 3866 857 3932 1,
875 3865 918 3917 23.
952 3864 1021 3916 Dem
1045 3860 1259 3917 Grieeheuthum
1286 3861 1450 3934 gegeniiber
1474 3869 1545 3936 sagt

236 3950 328 4005 sehon
353 3950 478 4022 Cdryscst
506 3951 541 4005 de
567 3951 787 4022 incompreheus.
812 3951 858 4006 dei
880 3955 936 4006 nat.
961 3953 992 4019 2,
1010 3953 1035 4004 2.
1058 3967 1093 4004 uu
1116 3950 1210 4006 IGor.
1233 3953 1258 4019 l,
1279 3954 1302 4004 1.
1328 3949 1419 4022 πάσης
1437 3959 1544 4024 σοφίας

234 4034 305 4108 αὕτη
328 4032 345 4108 ἦ
368 4043 460 4112 μωρία
485 4042 690 4116 φρονιμωτίρα·
717 4036 736 4094 οἳ
761 4037 817 4113 μὰρ
842 4034 892 4092 οὐκ
920 4040 1031 4105 ίσχοσιν
1057 4031 1200 4106 ἡέξωθεν
1218 4035 1304 4114 εὑρεῖν
1324 4045 1425 4110 σοφία,
1453 4040 1548 4096 ταῦτα

236 4124 425 4202 κατώρθωσεν
450 4123 467 4198 ἡ
493 4134 585 4204 μωρία
608 4126 625 4202 ἦ
651 4127 720 4184 κατὰ
743 4123 873 4201 Χριστόν.
901 4124 968 4196 αὕτη
986 4123 1017 4181 τὸ
1036 4123 1134 4188 σκότος
1152 4127 1200 4198 τῆς
1218 4129 1374 4198 οἰκοομενης
1393 4126 1544 4199 ἀπήλασεν,

238 4210 307 4284 αὕτη
332 4211 363 4269 τὸ
382 4213 442 4285 φῶς
461 4215 508 4287 τῆς
526 4215 651 4289 γνώσεως
670 4213 834 4290 ἐπανήγαγε.
869 4213 898 4268 S.
917 4214 988 4267 anch
1005 4213 1056 4267 No.
1074 4215 1117 4281 53,
1136 4214 1177 4268 81.
1212 4214 1271 4268 Den
1290 4214 1384 4269 Grund
1403 4216 1453 4269 der
1469 4214 1546 4269 Ver-

237 4301 363 4374 achtung
387 4304 478 4374 geben
501 4301 636 4374 folgende
660 4301 769 4357 Stellen
793 4317 837 4355 an.
872 4299 995 4355 Stultum
1011 4300 1168 4354 hominibus
1186 4299 1276 4353 visum
1294 4305 1351 4368 est,
1369 4305 1401 4354 nt
1418 4317 1471 4370 pro
1490 4301 1546 4354 ho·

237 4389 358 4443 minibus
378 4396 477 4446 auctor
495 4391 562 4444 vitae
580 4393 746 4444 moreretur.
773 4389 883 4459 (ἔνεμον.
900 4389 935 4442 Μ.
954 4387 1047 4442 homil.
1067 4388 1096 4442 in
1115 4404 1156 4442 ev.
1175 4389 1199 4457 1,
1218 4389 1243 4457 6,
1263 4390 1286 4442 1.
1327 4388 1434 4442 lnsanis
1452 4387 1546 4458 magi·
1624 4417 1625 4474 ρ

238 4477 307 4532 stris
330 4477 438 4533 veritas
465 4477 627 4532 scandalum
655 4481 714 4546 est,
747 4481 776 4532 et
803 4476 885 4532 caecis
910 4477 1073 4533 doctoribus
1091 4475 1124 4532 fit
1141 4476 1253 4548 caligo,
1286 4475 1361 4546 quod
1379 4475 1472 4529 lumen
1490 4479 1545 4532 est,

236 4563 318 4620 Leon
333 4566 368 4619 Μ.
387 4581 467 4618 serm.
486 4565 529 4632 35,
548 4567 572 4616 2.

327 4655 360 4708 V.
378 4656 504 4709 22—24.
531 4654 625 4724 Opera
648 4653 694 4708 dei
717 4669 768 4724 per
792 4655 946 4724 potentiam
970 4654 1047 4710 aliud
1066 4654 1233 4724 ostendunt,
1264 4657 1293 4708 et
1310 4667 1362 4724 per
1378 4648 1547 4723 mysterium

239 4744 321 4800 aliud
338 4743 498 4815 loquuntur.
524 4743 633 4815 crepon
650 4745 685 4802 M.
703 4743 797 4800 homil
814 4743 844 4798 in
862 4759 903 4799 ev.
920 4745 948 4816 1,
965 4745 991 4816 2,
1010 4746 1033 4798 1.
1109 4797 1113 4807 ,
