3280 5358
286 431 429 494 Itum

287 559 305 612 2
322 555 415 636 prolis
432 553 480 612 lis.
516 555 533 608 5
550 553 664 626 patroni
681 553 728 610 iis.
1627 611 1628 650 ἶ

287 675 321 736 V.
339 678 363 732 1.
380 677 405 732 2.
432 673 674 748 genitor-parilis
716 673 768 732 Dis
795 673 933 746 gottlinte
960 674 1130 748 Emugunss
1159 672 1216 732 und
1242 674 1289 732 uo
1314 673 1505 734 nensohliehs
1627 667 1628 682 ³

199 764 306 826 &burt
323 762 373 824 des
390 761 502 822 Senum
519 762 614 820 nsunt
629 761 804 836 Augustinus
823 761 912 824 dorth
929 758 1064 834 fulgendo
1083 761 1258 834 ongendus
1275 760 1412 822 deutlith:
1431 761 1504 824 deus
1627 805 1628 832 t

198 857 282 924 pater
300 850 382 905 deum
399 845 486 904 filium
503 848 600 920 genuit
617 849 678 904 sine
696 853 832 919 tempore,
849 852 878 902 et
895 847 964 904 fecit
981 866 1016 904 ex
1033 849 1146 922 virgine
1164 849 1193 908 in
1210 854 1351 920 osupum
1369 847 1505 911 utivitfls

198 938 251 994 illn
268 935 377 992 excedit
394 939 532 1006 tempora,
550 934 684 990 nativitas
702 934 758 990 istu
775 934 922 991 inluminat
937 941 1081 1006 tempors3
1105 935 1157 990 illa
1175 935 1235 990 sine
1252 941 1351 1004 matre,
1368 935 1425 990 istu
1442 935 1505 990 sine

198 1029 289 1096 patre.
325 1021 441 1090 Quando
459 1021 557 1093 genuit
574 1021 642 1076 deus
660 1017 763 1091 filium,
786 1021 821 1076 de
839 1038 870 1078 se
888 1023 999 1094 genuit,
1022 1039 1080 1078 non
1100 1023 1135 1077 de
1152 1027 1257 1091 matre,
1275 1023 1388 1093 quando
1406 1021 1507 1094 gennit

197 1116 289 1168 muter
305 1108 400 1179 filium,
418 1109 503 1180 virgo
522 1108 627 1180 genuit,
645 1125 702 1163 non
719 1109 755 1168 de
772 1109 844 1164 viro.
870 1110 906 1165 de
923 1115 1005 1182 patre
1022 1114 1105 1172 natus
1123 1110 1241 1166 estsine
1254 1109 1344 1178 initio,
1363 1110 1398 1164 de
1410 1113 1503 1164 matre

198 1202 281 1252 natus
308 1202 352 1252 est
376 1202 456 1253 terto
479 1195 567 1250 initio.
603 1195 644 1250 De
666 1199 750 1266 patre
772 1199 855 1252 natus
879 1194 948 1253 feeit
964 1213 1032 1266 nus,
1059 1197 1095 1252 de
1112 1202 1202 1253 matrs
1221 1202 1303 1252 natus
1320 1195 1422 1252 refecit
1440 1212 1503 1252 nos.

198 1285 240 1340 De
256 1289 338 1356 patre
355 1288 437 1340 natus
455 1287 513 1356 est,
537 1287 568 1337 ut
586 1298 724 1354 essemus;
742 1283 778 1338 de
791 1289 881 1340 matre
894 1289 976 1340 natus
990 1289 1047 1354 est,
1065 1300 1100 1340 ne
1114 1285 1277 1355 periremus.
1292 1283 1395 1340 Sermo
1406 1285 1500 1352 tone.

199 1371 344 1446 Tertotttun.
362 1369 397 1426 de
411 1385 496 1424 earne
515 1369 579 1426 chr.
598 1369 639 1424 18.
656 1370 729 1426 siout
745 1371 867 1427 nondum
885 1377 967 1427 natus
986 1388 1021 1426 ex
1037 1371 1149 1443 virgine
1167 1377 1278 1442 putrem
1296 1370 1377 1426 deum
1394 1371 1513 1426 habere·

197 1459 290 1530 putuit
314 1459 375 1513 sine
398 1455 510 1512 homins
532 1461 635 1528 matre,
664 1473 747 1530 mque
777 1475 838 1515 oum
863 1460 897 1515 de
921 1459 1035 1532 virgine
1055 1463 1233 1528 moeretur,
1265 1459 1360 1531 potuit
1381 1463 1501 1514 nsum

197 1546 303 1603 hebere
321 1545 461 1608 hominen
478 1545 538 1606 siue
554 1545 666 1606 homins
683 1551 773 1618 patro.

288 1632 321 1687 V.
331 1635 424 1710 9-12
441 1632 502 1690 uita
514 1632 553 1690 ist
565 1633 628 1692 hier
641 1635 693 1692 dus
705 1634 892 1696 nensohtiehe
904 1634 1006 1705 Leton,
1023 1635 1192 1710 pnineipinm
1208 1634 1278 1708 geht
1293 1630 1347 1690 suf
1360 1633 1429 1696 onst
1446 1634 1502 1692 den

197 1720 294 1789 vater,
313 1720 463 1774 remedium
480 1716 533 1774 auf
547 1720 601 1775 den
619 1720 706 1790 Sohn,
724 1721 857 1777 solatium
874 1718 929 1776 eui
941 1722 995 1777 den
1012 1723 1039 1776 h.
1053 1722 1138 1792 Geist,
1156 1721 1212 1776 und
1229 1721 1374 1792 praemium
1391 1719 1446 1778 auf
1454 1722 1502 1777 die

196 1809 345 1881 Seligkeit
379 1807 465 1869 osen
481 1809 543 1868 vitu
560 1814 605 1868 est
621 1827 677 1870 neu
695 1811 845 1880 notendo,
861 1809 936 1868 tilius
953 1812 1013 1868 vitu
1032 1817 1076 1868 est
1092 1812 1249 1880 nascentm
1263 1817 1347 1882 pstor
1365 1809 1400 1868 de
1417 1809 1511 1869 uus

196 1901 288 1967 patre,
307 1893 382 1951 filins
400 1896 435 1952 de
453 1895 507 1954 doo
520 1901 618 1968 petru
648 1902 747 1968 pater,
765 1899 841 1970 quud
859 1904 916 1967 est,
934 1915 952 1954 n
969 1898 1049 1955 nullo
1067 1903 1124 1968 est,
1143 1899 1219 1970 qued
1236 1903 1330 1956 auten
1345 1903 1428 1972 putor
1445 1902 1501 1967 est,

196 1989 316 2054 prepter
332 1981 419 2038 filium
438 1989 495 2054 est3
526 1979 601 2044 filius
619 2000 690 2044 vero
709 1989 738 2039 et
756 1986 831 2060 quod
848 1982 923 2046 filius
941 1991 999 2056 est,
1026 1991 1144 2058 propter
1162 1991 1272 2058 patrem
1290 1991 1349 2056 est,
1377 1990 1406 2042 et
1423 1985 1501 2056 quod

197 2075 255 2140 est,
283 2075 400 2144 epatre
425 2076 476 2132 est
504 2073 635 2142 domatio.
659 2071 689 2126 in
713 2088 812 2146 evang.
830 2073 893 2128 Joh.
912 2075 941 2142 5,
960 2075 994 2128 19
1024 2076 1100 2142 513.
1136 2077 1201 2152 πρὶν
1226 2079 1331 2144 κτίστην
1357 2075 1500 2149 γενέσθαι,

197 2157 267 2221 θεὸς
284 2147 325 2229 ἦν,
344 2155 456 2235 ἀγαθὰς
474 2149 514 2229 ἢν,
532 2162 577 2213 καὶ
595 2157 643 2213 διὰ
660 2155 741 2215 τοῦτο
759 2161 805 2214 καὶ
822 2158 988 2237 δημιουργὸς
1007 2153 1075 2216 εἶναι
1089 2163 1138 2216 ’καὶ
1157 2159 1247 2237 πατὴρ
1260 2161 1383 2231 ἐθέλησε.
1421 2151 1512 2215 Cium.¹

197 2246 273 2302 Aloe.
290 2246 400 2318 peedug.
420 2249 444 2315 1,
463 2247 486 2300 9.

689 2551 750 2628 20.
790 2551 849 2624 De
875 2550 1007 2624 eudem.

195 2734 335 2800 Trinitas
356 2738 463 2801 lumen
485 2737 635 2802 luminum
872 2739 1017 2806 oonoede
1038 2740 1132 2806 nobis
1154 2741 1283 2804 veniam
1381 2730 1386 2741 ’

193 2839 338 2905 illumina
360 2858 417 2904 oor
439 2839 616 2924 hominum,
870 2861 932 2932 per
953 2843 1171 2928 septiformem
1192 2845 1339 2930 gratiam.

193 2950 282 3010 tunm
303 2941 539 3018 similitudinem

192 3045 374 3112 reformans
396 3045 439 3111 ad
459 3045 640 3129 imaginem·
870 2995 940 3063 Fae
960 3015 1023 3062 nos
1043 3017 1085 3063 ex
1107 2997 1173 3064 fido
1194 2997 1324 3084 vivere,

804 3091 810 3104 ⁴
869 3103 1005 3190 saepen
1027 3121 1118 3190 spem
1140 3123 1269 3172 sensum
1291 3104 1426 3172 tendere

191 3199 244 3272 Ex
267 3207 301 3267 te
322 3220 413 3270 mens
434 3207 546 3266 nostra
567 3200 692 3286 fulgent
797 3204 816 3268 5
870 3213 903 3278 et
925 3207 1069 3274 caritatis
1091 3207 1230 3290 geminae
1456 3209 1498 3274 15

192 3313 226 3374 et
247 3305 280 3373 in
302 3313 335 3372 te
356 3313 435 3372 vota
457 3307 632 3390 compleat,
868 3310 923 3378 fau
943 3329 1004 3378 nus
1026 3312 1140 3381 vestiri
1161 3312 1314 3395 tegmine.

192 3409 236 3475 ad
257 3418 291 3475 te
312 3431 373 3495 per
394 3418 427 3474 te
450 3429 485 3475 se
508 3409 627 3494 dirigat

190 3514 344 3600 credens,
367 3534 503 3600 sperans
524 3525 557 3581 te
580 3515 703 3600 diligat.
869 3463 960 3530 Patri
982 3465 1024 3529 sit
1046 3463 1231 3531 benedictio

870 3585 942 3631 oum
964 3576 1129 3632 ooaeterno
1152 3567 1236 3648 filio,

191 3669 332 3736 Trinitas
354 3673 442 3738 salus
464 3673 602 3737 omnium
869 3671 1058 3738 benedictus
1080 3673 1121 3736 sit
1144 3672 1274 3756 spiritus

190 3779 321 3842 morbos
343 3794 423 3840 sana
445 3775 680 3859 languentium,
774 3773 813 3837 to
869 3783 903 3839 et
924 3792 983 3839 nos
1005 3794 1066 3858 per
1088 3774 1176 3839 illum
1200 3775 1335 3841 ooelitus.
1367 3795 1472 3842 amen.

280 3963 419 4036 Daselbst
453 3965 538 4022 tedes
557 3965 609 4022 der
626 3960 871 4022 voranstehenden
885 3959 902 4014 8
915 3957 1016 4014 Lieder
1029 3958 1067 4014 ist
1081 3957 1169 4014 durch
1182 3960 1260 4016 suine
1274 3960 1496 4032 Sehlusstrophe

190 4050 235 4107 uls
254 4051 299 4106 ein
317 4051 524 4126 selbst‘eiudiges
542 4053 660 4110 Gedioht
678 4049 837 4108 erkennbar
854 4047 911 4102 und
927 4047 972 4102 als
990 4039 1147 4103 besondere
1160 4049 1261 4105 Lieder
1280 4049 1344 4106 sind
1362 4049 1403 4104 sie
1422 4051 1496 4106 auch

188 4137 219 4192 in
237 4138 288 4192 der
305 4139 352 4194 Hs.
370 4141 457 4200 durch
476 4141 526 4196 das
539 4143 629 4199 Wort
647 4139 704 4194 alia
720 4137 899 4205 bezeichnen
917 4152 947 4190 es
965 4134 1004 4189 ist
1020 4135 1090 4191 aber
1109 4137 1359 4210 durohgestriohen
1377 4138 1434 4193 und
1449 4138 1495 4194 die

188 4226 324 4282 Gediohte
348 4229 519 4284 aneinander
543 4227 679 4299 gereihet.
713 4226 770 4282 Der
788 4224 941 4282 Sohreiber
965 4223 1074 4280 soheint
1097 4225 1139 4280 sie
1157 4227 1246 4282 daher
1264 4225 1308 4280 als
1326 4223 1496 4282 versifieirte

188 4315 343 4386 't'egzeiten
360 4315 520 4376 betraohtot
537 4333 572 4372 zu
589 4315 688 4376 haben.
723 4313 775 4370 Ein
792 4313 1033 4384 zusammenhang
1051 4313 1200 4370 denselben
1218 4313 1258 4370 ist
1275 4314 1347 4370 auch
1365 4315 1443 4370 nieht
1460 4332 1498 4378 un

188 4403 363 4475 verkennen3
394 4405 436 4458 sie
462 4403 554 4458 haben
582 4403 708 4474 gleiehes
732 4402 880 4457 Versm'ess
903 4403 959 4458 und
985 4402 1129 4474 Strophen
1155 4401 1205 4458 mit
1225 4401 1427 4461 Gleiehreimen
1451 4419 1499 4459 am

187 4489 302 4563 Anfang
328 4493 398 4548 oder
421 4507 467 4544 am
483 4489 568 4544 Eude.
602 4489 633 4545 ln
657 4489 761 4545 diesem
784 4489 840 4544 und
865 4489 926 4544 dem
943 4491 1064 4564 vonigen
1080 4489 1165 4548 [dede
1184 4489 1247 4544 sind
1267 4490 1312 4546 die
1331 4489 1496 4546 Paradelen

188 4569 245 4633 und
263 4578 437 4650 Gegensiitne
464 4577 515 4632 der
533 4576 685 4652 dedanken
709 4577 797 4634 duroh
825 4577 878 4634 deu
905 4576 1051 4636 Gebraueh
1078 4579 1129 4636 der
1153 4578 1372 4651 Prtpeeitionen
1396 4575 1510 4635 seheri

190 4665 434 4739 hervorgehoben
546 4709 548 4716 ,
