3324 5358
208 304 274 373 272

207 490 284 557 Ave
305 511 420 556 verum
442 509 561 577 eorpus
584 488 723 575 Christi,
886 488 950 556 hoc
972 496 1020 572 te,
1043 489 1203 575 salvator,
1226 493 1407 577 poscimus,

209 595 296 679 quod
317 596 351 659 in
374 615 470 662 cruce
492 595 678 680 pependisti
885 591 963 657 laxa
983 594 1116 676 malum,
1139 594 1225 678 quod
1253 597 1426 682 gessimus,
1471 602 1515 664 35

250 717 312 783 pro
335 699 439 764 salute
461 700 642 764 hominum:
929 695 1098 779 patrinos
1121 697 1267 762 concilia.

206 811 243 869 tu
265 803 419 868 sacerdos
441 804 473 867 in
493 811 658 886 aeternum,
793 803 833 866 to

207 927 249 971 ne
272 927 401 972 ruamus
420 907 463 972 ad
486 908 660 990 infernum,
885 873 961 941 Ave
983 884 1080 962 P⁰t¹¹⁸
1103 879 1270 962 8011103ΐὶ8,

251 1028 272 1074 o
293 1010 471 1094 plasmator
493 1009 642 1074 omnium.
885 980 991 1045 ¹¹¹¹¹l¹¹⁸
1013 1001 1152 1066 unquam
1174 984 1234 1050 fuit
1256 983 1330 1048 talifl

488 1170 492 1178 „
928 1085 1080 1150 bonitatis
1103 1088 1213 1171 copia:

206 1185 282 1252 Ave
305 1188 400 1272 Jesu,
423 1189 501 1253 vitae
524 1189 634 1271 panis,
885 1187 1039 1252 miserere
1061 1191 1171 1271 nobis,
1195 1187 1337 1274 Christe,
1468 1188 1518 1255 40.

205 1293 321 1356 mentis
344 1293 434 1358 cibus
456 1309 521 1356 non
542 1292 657 1373 inanis,
885 1288 953 1370 lae,
977 1290 1019 1353 sit
1039 1291 1133 1355 nobis
1156 1292 1246 1356 rivus
1269 1291 1331 1355 iste
1416 1373 1422 1381 ,

249 1397 372 1460 veritas
395 1402 491 1478 atque
509 1397 580 1460 via:
792 1396 831 1457 15
927 1399 1138 1474 peccatorum
1159 1393 1265 1457 venia.

207 1499 322 1564 adesto
344 1519 430 1565 nunu
451 1501 611 1584 propitius

206 1610 240 1668 et
262 1623 322 1686 per
345 1611 377 1668 te
402 1605 656 1686 supplicantibus

251 1709 351 1774 corda
373 1727 493 1772 sanans
515 1695 634 1776 saucia.

884 1569 960 1636 Ave
984 1573 1154 1658 splendor,
1177 1577 1313 1641 verbum
1334 1578 1453 1661 patris,

884 1675 946 1740 flos
970 1685 1003 1740 et
1025 1678 1150 1743 fructus
1173 1687 1294 1746 nostrae
1315 1683 1436 1767 matris,

928 1778 1047 1860 digitus
1071 1787 1168 1862 atque
1192 1781 1263 1847 dei:
1468 1786 1510 1848 45

205 1887 282 1954 Ave
303 1890 398 1974 panis
421 1892 625 1976 angelorum,
883 1903 925 1945 ne
948 1899 1007 1945 nos
1030 1885 1150 1967 Ilerda!
1173 1887 1232 1950 sed
1254 1909 1396 1972 regnare

206 1991 310 2071 salus,
333 1993 402 2055 vita
423 1993 626 2075 miserorum,
789 1993 830 2056 20
883 1987 937 2051 fao
958 1994 1023 2050 tum
1047 1990 1123 2072 tuis,
1147 2011 1232 2074 agne
1256 2010 1342 2076 care,

250 2097 306 2178 qui
327 2104 492 2161 restauras
516 2098 634 2162 omnia:
700 2122 706 2154 .·
925 2091 959 2154 in
980 2093 1054 2157 loco
1072 2083 1209 2178 jubilaei.

205 2203 239 2260 te
261 2198 456 2263 reformator
475 2217 625 2263 sensuum

203 2301 290 2364 votis
312 2321 484 2386 precamur
507 2303 667 2387 cordium,
882 2267 958 2334 Ave
981 2290 1077 2336 swa
1100 2291 1178 2337 ⁰³¹”0
1202 2272 1273 2357 ‘¹⁰³2

246 2422 306 2468 nos
328 2404 450 2488 repleri
471 2406 587 2488 gratia.
881 2395 942 2459 Per
966 2394 1060 2456 (luam
1083 2375 1165 2440 Salvi
1189 2376 1270 2443 finnt
1292 2379 1342 2443 rei
1468 2381 1510 2444 50

926 2499 946 2542 a
967 2481 1114 2562 peccatis
1137 2483 1299 2547 omnibns:

201 2579 277 2650 Ave
299 2585 404 2648 latens
427 2589 646 2666 sacramente,
786 2584 827 2647 25
881 2603 996 2650 servos
1019 2594 1092 2651 tuos
1111 2587 1290 2670 redemisti,

204 2690 258 2771 qui
280 2697 405 2754 remoto
428 2690 611 2754 velamento
882 2688 957 2753 dum
980 2689 1014 2753 in
1036 2709 1134 2756 cruce
1156 2691 1341 2775 pependisti

246 2791 360 2854 rutilas
382 2791 415 2854 in
437 2791 558 2873 gloria:
925 2813 1016 2858 saeve
1038 2813 1110 2860 cum
1131 2795 1321 2862 latronibus.

203 2902 237 2958 te
260 2894 473 2976 deprecamur
496 2895 675 2980 suppliceS,

203 3004 239 3062 ut
261 3015 321 3061 nos
344 2999 384 3064 ab
408 2998 501 3062 hoste
523 3000 643 3063 liberes
880 2969 945 3064 Edi
968 2991 1085 3037 manna
1108 2974 1273 3057 ⁰⁰⁰le⁸iaer
1466 2975 1508 3039 55

248 3101 321 3164 coeli
342 3100 475 3164 tradens
499 3101 627 3184 gandia.
785 3101 828 3167 30
882 3074 925 3139 da
946 3075 1052 3140 l⁰⁰¹¹¹¹¹
1074 3075 1286 3194 {fldfllgfflfiae

924 3199 985 3262 per
1007 3187 1122 3244 merrta
1144 3188 1345 3245 sanctorum:

202 3279 279 3350 Ave
302 3300 396 3346 sacer
418 3281 540 3348 Christi
562 3285 709 3368 sanguis,
880 3290 916 3348 ut
938 3283 1039 3347 abluti
1056 3283 1246 3366 gloriemur,
1300 3269 1309 3291 ⁸

203 3387 267 3450 iter
289 3386 382 3450 nobis
405 3393 528 3451 rectum
550 3390 667 3472 pandis
882 3387 1022 3451 absoluti
1044 3404 1239 3451 coronemur

250 3489 293 3554 ad
317 3491 390 3554 coeli
413 3491 541 3557 sedilia:
925 3490 958 3553 in
980 3490 1081 3556 choro
1104 3491 1302 3574 angelorum.
1465 3491 1507 3554 00

291 3670 483 3744 Reichenauer
500 3689 548 3744 Hs.
565 3688 617 3743 No.
636 3688 678 3741 36.
703 3687 745 3740 Bl
763 3689 798 3742 tt
823 3687 886 3756 (R).
922 3685 974 3740 Die
998 3687 1075 3740 erste
1093 3685 1218 3757 Strophe
1242 3687 1319 3742 steht
1342 3687 1386 3742 als
1404 3687 1508 3742 beson-

202 3774 284 3830 deres
303 3774 391 3830 (lebet
409 3776 438 3828 iu
456 3775 505 3829 der
523 3775 571 3828 Hs.
588 3792 624 3828 nu
641 3774 739 3842 Maiuz,
759 3775 855 3830 Kartln
873 3774 926 3829 No.
941 3774 993 3826 590
1011 3773 1053 3828 BL
1072 3775 1108 3828 26
1126 3791 1177 3830 aus
1196 3775 1258 3830 dem
1279 3776 1420 3830 talahrn
1440 3775 1508 3844 (M).

202 3861 301 3917 Dieses
327 3862 395 3917 Lied
418 3863 469 3918 hat
492 3863 620 3919 mehrere
639 3861 866 3932 Bearbeitungcn
885 3858 1032 3930 erfahren,
1065 3861 1109 3915 die
1128 3867 1212 3919 unten
1230 3860 1336 3938 folgen.
1371 3863 1424 3918 Ein
1442 3862 1509 3917 sehr

202 3948 370 4002 verkiirzter
390 3950 505 4021 Ausnug
523 3949 599 4004 steht
616 3951 688 4004 anch
706 3951 754 4005 bei
771 3951 868 4005 Daniel
884 3953 908 4019 1,
927 3952 986 4004 att.
1005 3965 1056 4003 aus
1075 3949 1137 4004 dem
1154 3950 1291 4006 Hortalus
1311 3950 1417 4005 animae.
1448 3951 1507 4004 Das

201 4033 269 4092 Lied
287 4036 325 4090 ist
343 4053 375 4091 so
394 4037 543 4108 angelegt,
576 4037 642 4093 dass
663 4038 805 4112 jedesmal
828 4039 872 4093 die
898 4043 974 4094 erste
998 4035 1095 4095 Halfta
1118 4038 1168 4092 der
1192 4037 1317 4109 Strophe
1342 4039 1396 4093 den
1419 4038 1507 4094 Grnss

201 4123 259 4176 und
277 4121 321 4176 die
339 4123 441 4178 aweite
460 4125 504 4179 die
522 4125 596 4180 Bitte
615 4127 732 4181 entha'lt.

289 4247 512 4302 2immaculata
538 4249 573 4302 Μ.
622 4251 720 4318 3pro
737 4246 889 4334 redemptis
908 4247 934 4301 h.
952 4249 987 4303 ot.
1036 4248 1072 4301 34
1096 4245 1209 4301 salvato
1232 4246 1264 4300 R
1314 4248 1349 4300 36
1375 4252 1458 4317 pater
1474 4247 1506 4304 R

202 4338 236 4390 41
256 4336 294 4392 sit
311 4337 368 4392 und
386 4337 440 4392 iste
458 4335 555 4392 fehlen
574 4337 624 4390 der
642 4336 688 4392 lls.
702 4337 728 4392 R
744 4336 801 4392 und
819 4335 881 4390 sind
898 4331 953 4390 ans'
968 4335 1022 4390 den
1039 4332 1266 4404 Bearbeitungen
1284 4348 1456 4404 genommen.

288 4461 321 4516 V.
339 4463 363 4515 3.
387 4460 549 4532 gewdnlich
567 4462 657 4516 θυσία
676 4457 798 4532 ἄμωμος.
826 4461 896 4520 Men.
920 4463 983 4516 Dec.
1007 4463 1033 4516 l.
1078 4459 1136 4516 Der
1164 4458 1330 4514 lateinische
1357 4459 1506 4517 ausdruck

200 4545 248 4603 fiir
273 4548 323 4602 das
349 4545 507 4616 Messopfer
533 4547 679 4602 incruenta
706 4548 801 4603 hostia
824 4549 865 4604 ist
896 4550 968 4603 auch
999 4548 1037 4602 im
1063 4545 1263 4626 Griechischen
1286 4547 1510 4620 gebrauchliebt

202 4633 368 4710 ἀναίμακτος
387 4639 483 4690 θυσία.
511 4635 582 4691 Gour
600 4653 626 4706 p.
645 4638 704 4692 660.
722 4638 781 4692 663.
817 4637 952 4693 Reouudot
969 4640 993 4707 1,
1012 4637 1054 4691 58.
1073 4637 1115 4689 61.
1134 4636 1175 4689 85.
1193 4636 1236 4690 88.

288 4722 322 4778 V,
340 4726 381 4779 12.
399 4724 557 4796 plasmator
576 4725 704 4798 omnium,
723 4721 739 4782 ὁ
756 4723 949 4802 πλαστουργὸς
966 4721 1057 4796 πάσης
1074 4727 1193 4787 κτίσεως.
1227 4723 1292 4784 Dec.
1305 4698 1370 4780 20.ἱ
