<?xml version="1.0" encoding="UTF-8"?>
<!DOCTYPE html PUBLIC "-//W3C//DTD XHTML 1.0 Transitional//EN"
    "http://www.w3.org/TR/xhtml1/DTD/xhtml1-transitional.dtd">
<html xmlns="http://www.w3.org/1999/xhtml" xml:lang="en" lang="en">
 <head>
  <title>
</title>
<meta http-equiv="Content-Type" content="text/html;charset=utf-8" />
  <meta name='ocr-system' content='tesseract 3.04.00' />
  <meta name='ocr-capabilities' content='ocr_page ocr_carea ocr_par ocr_line ocrx_word'/>
</head>
<body>
  <div class='ocr_page' id='page_1' title='image "./hymnilatinimedi01monegoog_0461.png"; bbox 0 0 3316 5358; ppageno 0'>
   <div class='ocr_carea' id='block_1_1' title="bbox 219 305 285 372">
    <p class='ocr_par' dir='ltr' id='par_1_1' title="bbox 219 305 285 372">
     <span class='ocr_line' id='line_1_1' title="bbox 219 305 285 372; baseline 0 0"><span class='ocrx_word' id='word_1_1' title='bbox 219 305 285 372; x_wconf 73' lang='grc'><strong>448</strong></span> 
     </span>
    </p>
   </div>
   <div class='ocr_carea' id='block_1_2' title="bbox 218 486 1641 884">
    <p class='ocr_par' dir='ltr' id='par_1_2' title="bbox 218 486 1641 884">
     <span class='ocr_line' id='line_1_2' title="bbox 219 486 1349 571; baseline -0.006 -13"><span class='ocrx_word' id='word_1_2' title='bbox 219 490 308 559; x_wconf 80' lang='grc'>11011</span> <span class='ocrx_word' id='word_1_3' title='bbox 331 490 421 558; x_wconf 91' lang='lat' dir='ltr'><strong>dedit</strong></span> <span class='ocrx_word' id='word_1_4' title='bbox 441 491 636 560; x_wconf 80' lang='lat' dir='ltr'><strong>Michadlem</strong></span> <span class='ocrx_word' id='word_1_5' title='bbox 900 488 1018 556; x_wconf 85' lang='lat' dir='ltr'><strong>Nonne</strong></span> <span class='ocrx_word' id='word_1_6' title='bbox 1041 486 1185 571; x_wconf 84' lang='lat' dir='ltr'><strong>armiger</strong></span> <span class='ocrx_word' id='word_1_7' title='bbox 1205 486 1349 571; x_wconf 90' lang='lat' dir='ltr'><strong>potentis</strong></span> 
     </span>
     <span class='ocr_line' id='line_1_3' title="bbox 219 589 1641 681; baseline -0.005 -21"><span class='ocrx_word' id='word_1_8' title='bbox 219 595 433 681; x_wconf 71' lang='lat' dir='ltr'><strong>principalem</strong></span> <span class='ocrx_word' id='word_1_9' title='bbox 454 603 638 680; x_wconf 76' lang='lat' dir='ltr'><strong>pastorem,</strong></span> <span class='ocrx_word' id='word_1_10' title='bbox 755 625 758 632; x_wconf 96' lang='lat'>·</span> <span class='ocrx_word' id='word_1_11' title='bbox 901 591 1105 676; x_wconf 84' lang='lat' dir='ltr'><strong>belligerque</strong></span> <span class='ocrx_word' id='word_1_12' title='bbox 1127 589 1292 657; x_wconf 68' lang='lat' dir='ltr'><strong>rectoris?</strong></span> <span class='ocrx_word' id='word_1_13' title='bbox 1489 589 1535 654; x_wconf 83' lang='lat'><strong>50</strong></span> <span class='ocrx_word' id='word_1_14' title='bbox 1640 615 1641 674; x_wconf 58' lang='grc'><strong>1</strong></span> 
     </span>
     <span class='ocr_line' id='line_1_4' title="bbox 219 693 1641 778; baseline -0.004 -14"><span class='ocrx_word' id='word_1_15' title='bbox 219 696 302 764; x_wconf 86' lang='lat' dir='ltr'><strong>deus</strong></span> <span class='ocrx_word' id='word_1_16' title='bbox 322 697 411 764; x_wconf 91' lang='lat' dir='ltr'><strong>illum</strong></span> <span class='ocrx_word' id='word_1_17' title='bbox 434 697 598 765; x_wconf 86' lang='lat' dir='ltr'><strong>ordinavit</strong></span> <span class='ocrx_word' id='word_1_18' title='bbox 806 697 847 760; x_wconf 89' lang='grc'><strong>15</strong></span> <span class='ocrx_word' id='word_1_19' title='bbox 901 711 1009 761; x_wconf 90' lang='lat' dir='ltr'><strong>noune</strong></span> <span class='ocrx_word' id='word_1_20' title='bbox 1031 693 1175 761; x_wconf 86' lang='lat' dir='ltr'><strong>Michael</strong></span> <span class='ocrx_word' id='word_1_21' title='bbox 1196 709 1334 778; x_wconf 84' lang='lat' dir='ltr'><strong>magnus</strong></span> <span class='ocrx_word' id='word_1_22' title='bbox 1355 701 1466 759; x_wconf 87' lang='lat' dir='ltr'><strong>manet</strong></span> <span class='ocrx_word' id='word_1_23' title='bbox 1640 699 1641 704; x_wconf 77' lang='grc'>’</span> 
     </span>
     <span class='ocr_line' id='line_1_5' title="bbox 218 794 1316 884; baseline -0.006 -18"><span class='ocrx_word' id='word_1_24' title='bbox 218 799 382 866; x_wconf 88' lang='lat' dir='ltr'><strong>hominum</strong></span> <span class='ocrx_word' id='word_1_25' title='bbox 403 805 633 884; x_wconf 85' lang='lat' dir='ltr'><strong>protectorem.</strong></span> <span class='ocrx_word' id='word_1_26' title='bbox 687 807 695 822; x_wconf 88' lang='grc'><em>·</em></span> <span class='ocrx_word' id='word_1_27' title='bbox 901 815 1016 864; x_wconf 88' lang='lat' dir='ltr'><strong>manus</strong></span> <span class='ocrx_word' id='word_1_28' title='bbox 1039 795 1134 862; x_wconf 82' lang='lat' dir='ltr'><strong>fortis</strong></span> <span class='ocrx_word' id='word_1_29' title='bbox 1156 794 1316 864; x_wconf 70' lang='lat' dir='ltr'><strong>lactoris?</strong></span> 
     </span>
    </p>
   </div>
   <div class='ocr_carea' id='block_1_3' title="bbox 218 955 1532 1355">
    <p class='ocr_par' dir='ltr' id='par_1_3' title="bbox 218 955 1386 1045">
     <span class='ocr_line' id='line_1_6' title="bbox 218 955 1386 1045; baseline -0.005 -17"><span class='ocrx_word' id='word_1_30' title='bbox 218 959 353 1028; x_wconf 80' lang='lat' dir='ltr'><strong>Electus</strong></span> <span class='ocrx_word' id='word_1_31' title='bbox 376 969 473 1045; x_wconf 85' lang='lat' dir='ltr'><strong>atque</strong></span> <span class='ocrx_word' id='word_1_32' title='bbox 496 970 700 1030; x_wconf 85' lang='lat' dir='ltr'><strong>constructus</strong></span> <span class='ocrx_word' id='word_1_33' title='bbox 901 955 929 1024; x_wconf 92' lang='lat'>0</span> <span class='ocrx_word' id='word_1_34' title='bbox 952 957 1186 1042; x_wconf 73' lang='lat' dir='ltr'>archangelum</span> <span class='ocrx_word' id='word_1_35' title='bbox 1208 957 1386 1041; x_wconf 73' lang='lat' dir='ltr'><strong>coelestem,</strong></span> 
     </span>
    </p>

    <p class='ocr_par' dir='ltr' id='par_1_4' title="bbox 220 1059 1313 1150">
     <span class='ocr_line' id='line_1_7' title="bbox 220 1059 1313 1150; baseline -0.003 -22"><span class='ocrx_word' id='word_1_36' title='bbox 220 1063 341 1129; x_wconf 88' lang='lat' dir='ltr'><strong>domini</strong></span> <span class='ocrx_word' id='word_1_37' title='bbox 363 1063 550 1150; x_wconf 76' lang='lat' dir='ltr'><strong>prudentii,</strong></span> <span class='ocrx_word' id='word_1_38' title='bbox 901 1081 922 1130; x_wconf 96' lang='lat' dir='ltr'><strong>o</strong></span> <span class='ocrx_word' id='word_1_39' title='bbox 945 1069 1134 1130; x_wconf 68' lang='lat' dir='ltr'>terrestrem</span> <span class='ocrx_word' id='word_1_40' title='bbox 1151 1059 1313 1146; x_wconf 84' lang='lat' dir='ltr'><strong>judicem,</strong></span> 
     </span>
    </p>

    <p class='ocr_par' dir='ltr' id='par_1_5' title="bbox 219 1161 1532 1355">
     <span class='ocr_line' id='line_1_8' title="bbox 220 1161 1532 1248; baseline -0.005 -14"><span class='ocrx_word' id='word_1_41' title='bbox 220 1167 368 1234; x_wconf 82' lang='lat' dir='ltr'><strong>elevatus</strong></span> <span class='ocrx_word' id='word_1_42' title='bbox 390 1187 430 1235; x_wconf 88' lang='lat' dir='ltr'><strong>ac</strong></span> <span class='ocrx_word' id='word_1_43' title='bbox 451 1168 608 1236; x_wconf 81' lang='lat' dir='ltr'><strong>tornatus</strong></span> <span class='ocrx_word' id='word_1_44' title='bbox 901 1171 1108 1248; x_wconf 89' lang='lat' dir='ltr'><strong>comatum,</strong></span> <span class='ocrx_word' id='word_1_45' title='bbox 1132 1161 1337 1246; x_wconf 89' lang='lat' dir='ltr'><strong>decoratum,</strong></span> <span class='ocrx_word' id='word_1_46' title='bbox 1488 1165 1532 1228; x_wconf 87' lang='grc'><strong>55</strong></span> 
     </span>
     <span class='ocr_line' id='line_1_9' title="bbox 219 1265 1290 1355; baseline -0.006 -21"><span class='ocrx_word' id='word_1_47' title='bbox 219 1267 272 1334; x_wconf 90' lang='lat' dir='ltr'><strong>dei</strong></span> <span class='ocrx_word' id='word_1_48' title='bbox 295 1267 462 1355; x_wconf 68' lang='lat' dir='ltr'><strong>sapientia</strong></span> <span class='ocrx_word' id='word_1_49' title='bbox 804 1269 846 1334; x_wconf 84' lang='lat'><strong>20</strong></span> <span class='ocrx_word' id='word_1_50' title='bbox 902 1285 922 1333; x_wconf 95' lang='lat' dir='ltr'><strong>o</strong></span> <span class='ocrx_word' id='word_1_51' title='bbox 944 1269 1117 1354; x_wconf 87' lang='lat' dir='ltr'><strong>probatum</strong></span> <span class='ocrx_word' id='word_1_52' title='bbox 1139 1265 1290 1334; x_wconf 87' lang='lat' dir='ltr'><strong>militem!</strong></span> 
     </span>
    </p>
   </div>
   <div class='ocr_carea' id='block_1_4' title="bbox 218 1449 1531 1847">
    <p class='ocr_par' dir='ltr' id='par_1_6' title="bbox 218 1449 1316 1639">
     <span class='ocr_line' id='line_1_10' title="bbox 218 1449 1316 1540; baseline -0.002 -20"><span class='ocrx_word' id='word_1_53' title='bbox 218 1449 423 1540; x_wconf 77' lang='lat' dir='ltr'><strong>Fortitudine</strong></span> <span class='ocrx_word' id='word_1_54' title='bbox 445 1449 562 1518; x_wconf 80' lang='lat' dir='ltr'><strong>bellici</strong></span> <span class='ocrx_word' id='word_1_55' title='bbox 900 1451 1138 1537; x_wconf 85' lang='lat' dir='ltr'><strong>Principalibus</strong></span> <span class='ocrx_word' id='word_1_56' title='bbox 1161 1449 1316 1518; x_wconf 76' lang='lat' dir='ltr'><strong>doctrinis</strong></span> 
     </span>
     <span class='ocr_line' id='line_1_11' title="bbox 219 1555 1241 1639; baseline 0 -17"><span class='ocrx_word' id='word_1_57' title='bbox 219 1556 435 1622; x_wconf 73' lang='lat' dir='ltr'><strong>consternatis</strong></span> <span class='ocrx_word' id='word_1_58' title='bbox 458 1555 597 1620; x_wconf 89' lang='lat' dir='ltr'><strong>celebris</strong></span> <span class='ocrx_word' id='word_1_59' title='bbox 901 1555 1083 1639; x_wconf 71' lang='lat' dir='ltr'><strong>dimuisque</strong></span> <span class='ocrx_word' id='word_1_60' title='bbox 1105 1557 1241 1622; x_wconf 87' lang='lat' dir='ltr'><strong>vocibus</strong></span> 
     </span>
    </p>

    <p class='ocr_par' dir='ltr' id='par_1_7' title="bbox 218 1655 1531 1847">
     <span class='ocr_line' id='line_1_12' title="bbox 219 1655 1317 1743; baseline 0.004 -23"><span class='ocrx_word' id='word_1_61' title='bbox 219 1675 280 1743; x_wconf 88' lang='lat' dir='ltr'><strong>pro</strong></span> <span class='ocrx_word' id='word_1_62' title='bbox 304 1657 408 1722; x_wconf 86' lang='lat' dir='ltr'><strong>salute</strong></span> <span class='ocrx_word' id='word_1_63' title='bbox 430 1655 617 1740; x_wconf 89' lang='lat' dir='ltr'><strong>triumphali</strong></span> <span class='ocrx_word' id='word_1_64' title='bbox 899 1659 1054 1743; x_wconf 90' lang='lat' dir='ltr'><strong>princeps</strong></span> <span class='ocrx_word' id='word_1_65' title='bbox 1076 1659 1240 1726; x_wconf 87' lang='lat' dir='ltr'><strong>exercitus</strong></span> <span class='ocrx_word' id='word_1_66' title='bbox 1262 1657 1317 1724; x_wconf 89' lang='lat' dir='ltr'><strong>dei</strong></span> 
     </span>
     <span class='ocr_line' id='line_1_13' title="bbox 218 1759 1531 1847; baseline 0.003 -23"><span class='ocrx_word' id='word_1_67' title='bbox 218 1759 413 1844; x_wconf 86' lang='lat' dir='ltr'><strong>homanique</strong></span> <span class='ocrx_word' id='word_1_68' title='bbox 437 1759 577 1844; x_wconf 87' lang='lat' dir='ltr'><strong>generis.</strong></span> <span class='ocrx_word' id='word_1_69' title='bbox 898 1765 1035 1847; x_wconf 86' lang='lat' dir='ltr'><strong>insignis</strong></span> <span class='ocrx_word' id='word_1_70' title='bbox 1057 1765 1208 1834; x_wconf 74' lang='lat' dir='ltr'><strong>alabbus.</strong></span> <span class='ocrx_word' id='word_1_71' title='bbox 1488 1764 1531 1828; x_wconf 86' lang='grc'>50</span> 
     </span>
    </p>
   </div>
   <div class='ocr_carea' id='block_1_5' title="bbox 218 1938 1366 2336">
    <p class='ocr_par' dir='ltr' id='par_1_8' title="bbox 218 1938 1366 2336">
     <span class='ocr_line' id='line_1_14' title="bbox 220 1938 1366 2028; baseline 0.001 -21"><span class='ocrx_word' id='word_1_72' title='bbox 220 1941 365 2008; x_wconf 83' lang='lat' dir='ltr'><strong>Gloriam</strong></span> <span class='ocrx_word' id='word_1_73' title='bbox 387 1938 442 2005; x_wconf 89' lang='lat' dir='ltr'><strong>dei</strong></span> <span class='ocrx_word' id='word_1_74' title='bbox 464 1939 630 2008; x_wconf 85' lang='lat' dir='ltr'><strong>contendit</strong></span> <span class='ocrx_word' id='word_1_75' title='bbox 653 2005 656 2012; x_wconf 83' lang='grc'>,</span> <span class='ocrx_word' id='word_1_76' title='bbox 802 1940 845 2004; x_wconf 83' lang='grc'>25</span> <span class='ocrx_word' id='word_1_77' title='bbox 900 1940 978 2020; x_wconf 81' lang='lat' dir='ltr'><strong>Quis</strong></span> <span class='ocrx_word' id='word_1_78' title='bbox 999 1945 1098 2007; x_wconf 88' lang='lat' dir='ltr'><strong>maris</strong></span> <span class='ocrx_word' id='word_1_79' title='bbox 1119 1941 1366 2028; x_wconf 77' lang='lat' dir='ltr'><strong>profunditatis,</strong></span> 
     </span>
     <span class='ocr_line' id='line_1_15' title="bbox 220 2041 1326 2130; baseline 0.002 -22"><span class='ocrx_word' id='word_1_80' title='bbox 220 2060 293 2108; x_wconf 92' lang='lat' dir='ltr'><strong>cum</strong></span> <span class='ocrx_word' id='word_1_81' title='bbox 315 2059 474 2126; x_wconf 83' lang='lat' dir='ltr'><strong>perverso</strong></span> <span class='ocrx_word' id='word_1_82' title='bbox 497 2041 650 2125; x_wconf 90' lang='lat' dir='ltr'><strong>doctore,</strong></span> <span class='ocrx_word' id='word_1_83' title='bbox 899 2046 971 2128; x_wconf 92' lang='lat' dir='ltr'><strong>quis</strong></span> <span class='ocrx_word' id='word_1_84' title='bbox 994 2045 1069 2111; x_wconf 84' lang='lat' dir='ltr'><strong>ooeli</strong></span> <span class='ocrx_word' id='word_1_85' title='bbox 1092 2043 1134 2112; x_wconf 87' lang='lat' dir='ltr'><strong>de</strong></span> <span class='ocrx_word' id='word_1_86' title='bbox 1157 2047 1326 2130; x_wconf 84' lang='lat' dir='ltr'><strong>extremis,</strong></span> 
     </span>
     <span class='ocr_line' id='line_1_16' title="bbox 219 2145 1321 2232; baseline 0.005 -22"><span class='ocrx_word' id='word_1_87' title='bbox 219 2163 291 2210; x_wconf 89' lang='lat' dir='ltr'><strong>oum</strong></span> <span class='ocrx_word' id='word_1_88' title='bbox 314 2145 391 2209; x_wconf 88' lang='lat' dir='ltr'><strong>olim</strong></span> <span class='ocrx_word' id='word_1_89' title='bbox 414 2145 629 2210; x_wconf 88' lang='lat' dir='ltr'><strong>altercaretur</strong></span> <span class='ocrx_word' id='word_1_90' title='bbox 899 2149 971 2232; x_wconf 90' lang='lat' dir='ltr'><strong>quis</strong></span> <span class='ocrx_word' id='word_1_91' title='bbox 992 2149 1142 2214; x_wconf 89' lang='lat' dir='ltr'><strong>conscius</strong></span> <span class='ocrx_word' id='word_1_92' title='bbox 1164 2149 1321 2215; x_wconf 87' lang='lat' dir='ltr'><strong>celsitatis</strong></span> 
     </span>
     <span class='ocr_line' id='line_1_17' title="bbox 218 2245 1278 2336; baseline 0.004 -24"><span class='ocrx_word' id='word_1_93' title='bbox 218 2245 260 2312; x_wconf 89' lang='lat' dir='ltr'><strong>de</strong></span> <span class='ocrx_word' id='word_1_94' title='bbox 281 2247 431 2332; x_wconf 85' lang='lat' dir='ltr'><strong>Moysico</strong></span> <span class='ocrx_word' id='word_1_95' title='bbox 454 2265 604 2334; x_wconf 90' lang='lat' dir='ltr'><strong>corpore.</strong></span> <span class='ocrx_word' id='word_1_96' title='bbox 898 2250 1016 2318; x_wconf 87' lang='lat' dir='ltr'><strong>adonai</strong></span> <span class='ocrx_word' id='word_1_97' title='bbox 1038 2249 1080 2317; x_wconf 85' lang='lat' dir='ltr'><strong>de</strong></span> <span class='ocrx_word' id='word_1_98' title='bbox 1103 2252 1278 2336; x_wconf 74' lang='lat' dir='ltr'><strong>superatas</strong></span> 
     </span>
    </p>
   </div>
   <div class='ocr_carea' id='block_1_6' title="bbox 215 2427 1528 2824">
    <p class='ocr_par' dir='ltr' id='par_1_9' title="bbox 215 2427 1528 2620">
     <span class='ocr_line' id='line_1_18' title="bbox 215 2427 1528 2518; baseline 0 -22"><span class='ocrx_word' id='word_1_99' title='bbox 215 2427 311 2496; x_wconf 85' lang='lat' dir='ltr'><strong>llano</strong></span> <span class='ocrx_word' id='word_1_100' title='bbox 332 2431 487 2498; x_wconf 91' lang='lat' dir='ltr'><strong>nemirum</strong></span> <span class='ocrx_word' id='word_1_101' title='bbox 510 2449 606 2514; x_wconf 89' lang='lat' dir='ltr'><strong>quam</strong></span> <span class='ocrx_word' id='word_1_102' title='bbox 627 2431 822 2518; x_wconf 72' lang='lat' dir='ltr'><strong>preclaram</strong></span> <span class='ocrx_word' id='word_1_103' title='bbox 896 2431 1020 2498; x_wconf 85' lang='lat' dir='ltr'><strong>Rector</strong></span> <span class='ocrx_word' id='word_1_104' title='bbox 1044 2439 1143 2516; x_wconf 89' lang='lat' dir='ltr'><strong>atque</strong></span> <span class='ocrx_word' id='word_1_105' title='bbox 1165 2431 1238 2496; x_wconf 87' lang='lat' dir='ltr'><strong>veri</strong></span> <span class='ocrx_word' id='word_1_106' title='bbox 1260 2430 1376 2498; x_wconf 90' lang='lat' dir='ltr'><strong>doctor</strong></span> <span class='ocrx_word' id='word_1_107' title='bbox 1485 2433 1528 2496; x_wconf 84' lang='grc'><strong>55</strong></span> 
     </span>
     <span class='ocr_line' id='line_1_19' title="bbox 216 2532 1310 2620; baseline 0 -20"><span class='ocrx_word' id='word_1_108' title='bbox 216 2532 394 2600; x_wconf 83' lang='lat' dir='ltr'><strong>continebit</strong></span> <span class='ocrx_word' id='word_1_109' title='bbox 416 2533 568 2618; x_wconf 87' lang='lat' dir='ltr'><strong>gloriam,</strong></span> <span class='ocrx_word' id='word_1_110' title='bbox 800 2535 842 2602; x_wconf 82' lang='lat'><strong>³0</strong></span> <span class='ocrx_word' id='word_1_111' title='bbox 896 2544 1129 2620; x_wconf 88' lang='lat' dir='ltr'><strong>protectorqne</strong></span> <span class='ocrx_word' id='word_1_112' title='bbox 1152 2536 1310 2620; x_wconf 87' lang='lat' dir='ltr'><strong>gentium,</strong></span> 
     </span>
    </p>

    <p class='ocr_par' dir='ltr' id='par_1_10' title="bbox 215 2637 1434 2824">
     <span class='ocr_line' id='line_1_20' title="bbox 216 2637 1434 2724; baseline 0.002 -22"><span class='ocrx_word' id='word_1_113' title='bbox 216 2653 288 2702; x_wconf 90' lang='lat' dir='ltr'><strong>cum</strong></span> <span class='ocrx_word' id='word_1_114' title='bbox 312 2642 460 2703; x_wconf 86' lang='lat' dir='ltr'><strong>conterat</strong></span> <span class='ocrx_word' id='word_1_115' title='bbox 483 2637 705 2704; x_wconf 85' lang='lat' dir='ltr'><strong>antichristum</strong></span> <span class='ocrx_word' id='word_1_116' title='bbox 896 2657 1004 2708; x_wconf 89' lang='lat' dir='ltr'><strong>noune</strong></span> <span class='ocrx_word' id='word_1_117' title='bbox 1026 2640 1131 2723; x_wconf 82' lang='lat' dir='ltr'><strong>fulget</strong></span> <span class='ocrx_word' id='word_1_118' title='bbox 1152 2640 1297 2708; x_wconf 87' lang='lat' dir='ltr'><strong>Michael</strong></span> <span class='ocrx_word' id='word_1_119' title='bbox 1318 2640 1434 2724; x_wconf 85' lang='lat' dir='ltr'><strong>mirus,</strong></span> 
     </span>
     <span class='ocr_line' id='line_1_21' title="bbox 215 2740 1354 2824; baseline 0.006 -21"><span class='ocrx_word' id='word_1_120' title='bbox 215 2740 412 2824; x_wconf 86' lang='lat' dir='ltr'><strong>permiram</strong></span> <span class='ocrx_word' id='word_1_121' title='bbox 434 2741 612 2808; x_wconf 87' lang='lat' dir='ltr'><strong>victoriam.</strong></span> <span class='ocrx_word' id='word_1_122' title='bbox 897 2764 969 2812; x_wconf 87' lang='lat' dir='ltr'><strong>cum</strong></span> <span class='ocrx_word' id='word_1_123' title='bbox 991 2746 1033 2810; x_wconf 85' lang='lat' dir='ltr'><strong>sit</strong></span> <span class='ocrx_word' id='word_1_124' title='bbox 1055 2746 1106 2812; x_wconf 93' lang='lat' dir='ltr'><strong>sol</strong></span> <span class='ocrx_word' id='word_1_125' title='bbox 1128 2745 1354 2812; x_wconf 65' lang='lat' dir='ltr'><strong>credentium?</strong></span> 
     </span>
    </p>
   </div>
   <div class='ocr_carea' id='block_1_7' title="bbox 213 2919 1643 3325">
    <p class='ocr_par' dir='ltr' id='par_1_11' title="bbox 214 2919 1643 3211">
     <span class='ocr_line' id='line_1_22' title="bbox 214 2919 1643 3008; baseline 0.006 -22"><span class='ocrx_word' id='word_1_126' title='bbox 214 2919 253 2986; x_wconf 91' lang='lat' dir='ltr'><strong>In</strong></span> <span class='ocrx_word' id='word_1_127' title='bbox 276 2920 422 2986; x_wconf 89' lang='lat' dir='ltr'><strong>exercitu</strong></span> <span class='ocrx_word' id='word_1_128' title='bbox 445 2921 613 3004; x_wconf 85' lang='lat' dir='ltr'><strong>caelorum,</strong></span> <span class='ocrx_word' id='word_1_129' title='bbox 897 2925 1118 2994; x_wconf 74' lang='lat' dir='ltr'><strong>Saluherrimd</strong></span> <span class='ocrx_word' id='word_1_130' title='bbox 1141 2924 1290 2994; x_wconf 68' lang='lat' dir='ltr'><strong>doctrina</strong></span> <span class='ocrx_word' id='word_1_131' title='bbox 1642 3005 1643 3008; x_wconf 8' lang='grc' dir='ltr'><strong>Ἴ</strong></span> 
     </span>
     <span class='ocr_line' id='line_1_23' title="bbox 214 3026 1643 3116; baseline 0.008 -26"><span class='ocrx_word' id='word_1_132' title='bbox 214 3026 248 3090; x_wconf 88' lang='grc'><strong>11</strong></span> <span class='ocrx_word' id='word_1_133' title='bbox 269 3026 424 3089; x_wconf 88' lang='lat' dir='ltr'><strong>virtutum</strong></span> <span class='ocrx_word' id='word_1_134' title='bbox 447 3027 575 3107; x_wconf 87' lang='lat' dir='ltr'><strong>agmine</strong></span> <span class='ocrx_word' id='word_1_135' title='bbox 895 3031 1050 3116; x_wconf 88' lang='lat' dir='ltr'><strong>claroque</strong></span> <span class='ocrx_word' id='word_1_136' title='bbox 1072 3031 1244 3096; x_wconf 86' lang='lat' dir='ltr'><strong>monimine</strong></span> <span class='ocrx_word' id='word_1_137' title='bbox 1484 3033 1528 3098; x_wconf 85' lang='grc'><strong>’10</strong></span> <span class='ocrx_word' id='word_1_138' title='bbox 1642 3097 1643 3102; x_wconf 75' lang='grc'>,</span> 
     </span>
     <span class='ocr_line' id='line_1_24' title="bbox 214 3128 1385 3211; baseline 0.009 -19"><span class='ocrx_word' id='word_1_139' title='bbox 214 3144 322 3192; x_wconf 89' lang='lat' dir='ltr'><strong>nonne</strong></span> <span class='ocrx_word' id='word_1_140' title='bbox 344 3128 449 3211; x_wconf 87' lang='lat' dir='ltr'><strong>iulget</strong></span> <span class='ocrx_word' id='word_1_141' title='bbox 470 3129 613 3194; x_wconf 89' lang='lat' dir='ltr'><strong>Michael</strong></span> <span class='ocrx_word' id='word_1_142' title='bbox 635 3129 734 3196; x_wconf 89' lang='lat' dir='ltr'><strong>mirus</strong></span> <span class='ocrx_word' id='word_1_143' title='bbox 800 3132 842 3196; x_wconf 87' lang='grc'><strong>35</strong></span> <span class='ocrx_word' id='word_1_144' title='bbox 893 3135 1046 3202; x_wconf 83' lang='lat' dir='ltr'><strong>liberavit</strong></span> <span class='ocrx_word' id='word_1_145' title='bbox 1067 3135 1210 3202; x_wconf 86' lang='lat' dir='ltr'><strong>Michael</strong></span> <span class='ocrx_word' id='word_1_146' title='bbox 1231 3135 1385 3202; x_wconf 91' lang='lat' dir='ltr'><strong>mundum</strong></span> 
     </span>
    </p>

    <p class='ocr_par' dir='ltr' id='par_1_12' title="bbox 213 3229 1346 3325">
     <span class='ocr_line' id='line_1_25' title="bbox 213 3229 1346 3325; baseline 0.01 -29"><span class='ocrx_word' id='word_1_147' title='bbox 213 3229 433 3316; x_wconf 90' lang='lat' dir='ltr'><strong>pulcherrimo</strong></span> <span class='ocrx_word' id='word_1_148' title='bbox 455 3231 602 3298; x_wconf 74' lang='lat' dir='ltr'><strong>ardorel</strong></span> <span class='ocrx_word' id='word_1_149' title='bbox 893 3258 1015 3322; x_wconf 88' lang='lat' dir='ltr'><strong>magno</strong></span> <span class='ocrx_word' id='word_1_150' title='bbox 1037 3239 1255 3325; x_wconf 86' lang='lat' dir='ltr'><strong>adjuvamine.</strong></span> <span class='ocrx_word' id='word_1_151' title='bbox 1343 3233 1346 3238; x_wconf 62' lang='grc'>’</span> 
     </span>
    </p>
   </div>
   <div class='ocr_carea' id='block_1_8' title="bbox 211 3409 1527 3819">
    <p class='ocr_par' dir='ltr' id='par_1_13' title="bbox 212 3409 1336 3492">
     <span class='ocr_line' id='line_1_26' title="bbox 212 3409 1336 3492; baseline 0.014 -17"><span class='ocrx_word' id='word_1_152' title='bbox 212 3409 334 3477; x_wconf 86' lang='lat' dir='ltr'><strong>Kastra</strong></span> <span class='ocrx_word' id='word_1_153' title='bbox 356 3413 510 3478; x_wconf 86' lang='lat' dir='ltr'><strong>caelorum</strong></span> <span class='ocrx_word' id='word_1_154' title='bbox 527 3420 715 3481; x_wconf 89' lang='lat' dir='ltr'><strong>constructo</strong></span> <span class='ocrx_word' id='word_1_155' title='bbox 862 3485 866 3492; x_wconf 81' lang='grc'>,</span> <span class='ocrx_word' id='word_1_156' title='bbox 894 3421 1053 3487; x_wconf 81' lang='lat' dir='ltr'><strong>Terribile</strong></span> <span class='ocrx_word' id='word_1_157' title='bbox 1075 3421 1195 3489; x_wconf 87' lang='lat' dir='ltr'><strong>mundo</strong></span> <span class='ocrx_word' id='word_1_158' title='bbox 1217 3423 1336 3490; x_wconf 90' lang='lat' dir='ltr'><strong>malum</strong></span> 
     </span>
    </p>

    <p class='ocr_par' dir='ltr' id='par_1_14' title="bbox 213 3515 1261 3602">
     <span class='ocr_line' id='line_1_27' title="bbox 213 3515 1261 3602; baseline 0.014 -23"><span class='ocrx_word' id='word_1_159' title='bbox 213 3515 334 3582; x_wconf 89' lang='lat' dir='ltr'><strong>divicto</strong></span> <span class='ocrx_word' id='word_1_160' title='bbox 357 3515 488 3582; x_wconf 90' lang='lat' dir='ltr'><strong>diabulo</strong></span> <span class='ocrx_word' id='word_1_161' title='bbox 544 3591 551 3602; x_wconf 55' lang='grc'>,</span> <span class='ocrx_word' id='word_1_162' title='bbox 893 3521 1074 3590; x_wconf 87' lang='lat' dir='ltr'><strong>antichristi</strong></span> <span class='ocrx_word' id='word_1_163' title='bbox 1100 3547 1261 3594; x_wconf 90' lang='lat' dir='ltr'><strong>venenum</strong></span> 
     </span>
    </p>

    <p class='ocr_par' dir='ltr' id='par_1_15' title="bbox 211 3619 1527 3819">
     <span class='ocr_line' id='line_1_28' title="bbox 211 3619 1527 3714; baseline 0.011 -32"><span class='ocrx_word' id='word_1_164' title='bbox 211 3626 289 3684; x_wconf 93' lang='lat' dir='ltr'><strong>tunc</strong></span> <span class='ocrx_word' id='word_1_165' title='bbox 311 3619 447 3710; x_wconf 77' lang='lat' dir='ltr'><strong>fulgebit</strong></span> <span class='ocrx_word' id='word_1_166' title='bbox 469 3621 613 3688; x_wconf 87' lang='lat' dir='ltr'><strong>Michael</strong></span> <span class='ocrx_word' id='word_1_167' title='bbox 635 3621 735 3688; x_wconf 90' lang='lat' dir='ltr'><strong>mirus</strong></span> <span class='ocrx_word' id='word_1_168' title='bbox 893 3630 1079 3714; x_wconf 87' lang='lat' dir='ltr'><strong>extingetur</strong></span> <span class='ocrx_word' id='word_1_169' title='bbox 1101 3653 1121 3697; x_wconf 93' lang='lat' dir='ltr'><strong>a</strong></span> <span class='ocrx_word' id='word_1_170' title='bbox 1143 3632 1306 3700; x_wconf 88' lang='lat' dir='ltr'><strong>Michaele</strong></span> <span class='ocrx_word' id='word_1_171' title='bbox 1481 3635 1527 3696; x_wconf 79' lang='grc'><strong>’15</strong></span> 
     </span>
     <span class='ocr_line' id='line_1_29' title="bbox 213 3725 1318 3819; baseline 0.014 -32"><span class='ocrx_word' id='word_1_172' title='bbox 213 3740 285 3787; x_wconf 89' lang='lat' dir='ltr'><strong>cum</strong></span> <span class='ocrx_word' id='word_1_173' title='bbox 308 3731 419 3789; x_wconf 89' lang='lat' dir='ltr'><strong>coorta</strong></span> <span class='ocrx_word' id='word_1_174' title='bbox 443 3725 586 3792; x_wconf 88' lang='lat' dir='ltr'><strong>credulo.</strong></span> <span class='ocrx_word' id='word_1_175' title='bbox 796 3728 838 3792; x_wconf 75' lang='lat' dir='ltr'><strong>to</strong></span> <span class='ocrx_word' id='word_1_176' title='bbox 891 3735 1107 3819; x_wconf 79' lang='lat' dir='ltr'><strong>mortiferum,</strong></span> <span class='ocrx_word' id='word_1_177' title='bbox 1129 3737 1318 3804; x_wconf 88' lang='lat' dir='ltr'><strong>morbidum.</strong></span> 
     </span>
    </p>
   </div>
   <div class='ocr_carea' id='block_1_9' title="bbox 209 3899 1529 4316">
    <p class='ocr_par' dir='ltr' id='par_1_16' title="bbox 209 3899 1443 4100">
     <span class='ocr_line' id='line_1_30' title="bbox 209 3899 1443 4000; baseline 0.007 -28"><span class='ocrx_word' id='word_1_178' title='bbox 209 3899 284 3972; x_wconf 83' lang='lat' dir='ltr'><strong>Lux</strong></span> <span class='ocrx_word' id='word_1_179' title='bbox 303 3903 455 3969; x_wconf 84' lang='lat' dir='ltr'><strong>caelorum</strong></span> <span class='ocrx_word' id='word_1_180' title='bbox 478 3924 517 3972; x_wconf 92' lang='lat' dir='ltr'><strong>ac</strong></span> <span class='ocrx_word' id='word_1_181' title='bbox 539 3913 698 3972; x_wconf 86' lang='lat' dir='ltr'><strong>terrarum</strong></span> <span class='ocrx_word' id='word_1_182' title='bbox 818 3939 821 3944; x_wconf 94' lang='lat'><em>·</em></span> <span class='ocrx_word' id='word_1_183' title='bbox 891 3911 1014 3977; x_wconf 90' lang='lat' dir='ltr'><strong>Verum</strong></span> <span class='ocrx_word' id='word_1_184' title='bbox 1035 3913 1269 3997; x_wconf 84' lang='lat' dir='ltr'><strong>archangelum</strong></span> <span class='ocrx_word' id='word_1_185' title='bbox 1289 3934 1443 4000; x_wconf 87' lang='lat' dir='ltr'><strong>magnum</strong></span> 
     </span>
     <span class='ocr_line' id='line_1_31' title="bbox 209 4006 1291 4100; baseline 0.014 -32"><span class='ocrx_word' id='word_1_186' title='bbox 209 4006 421 4092; x_wconf 75' lang='lat' dir='ltr'><strong>praclarum,</strong></span> <span class='ocrx_word' id='word_1_187' title='bbox 443 4011 607 4096; x_wconf 89' lang='lat' dir='ltr'><strong>mirabile,</strong></span> <span class='ocrx_word' id='word_1_188' title='bbox 891 4014 1079 4099; x_wconf 88' lang='lat' dir='ltr'><strong>adjuramus</strong></span> <span class='ocrx_word' id='word_1_189' title='bbox 1101 4016 1291 4100; x_wconf 86' lang='lat' dir='ltr'><strong>maximum,</strong></span> 
     </span>
    </p>

    <p class='ocr_par' dir='ltr' id='par_1_17' title="bbox 209 4117 1529 4316">
     <span class='ocr_line' id='line_1_32' title="bbox 209 4117 1356 4200; baseline 0.012 -28"><span class='ocrx_word' id='word_1_190' title='bbox 209 4128 327 4174; x_wconf 90' lang='lat' dir='ltr'><strong>nomen</strong></span> <span class='ocrx_word' id='word_1_191' title='bbox 350 4117 447 4194; x_wconf 89' lang='lat' dir='ltr'><strong>atque</strong></span> <span class='ocrx_word' id='word_1_192' title='bbox 472 4132 589 4180; x_wconf 83' lang='lat' dir='ltr'><strong>nonen</strong></span> <span class='ocrx_word' id='word_1_193' title='bbox 611 4135 764 4200; x_wconf 88' lang='lat' dir='ltr'><strong>magnum</strong></span> <span class='ocrx_word' id='word_1_194' title='bbox 889 4124 1034 4183; x_wconf 89' lang='lat' dir='ltr'><strong>nostram</strong></span> <span class='ocrx_word' id='word_1_195' title='bbox 1057 4119 1226 4184; x_wconf 77' lang='lat' dir='ltr'><strong>cantatam</strong></span> <span class='ocrx_word' id='word_1_196' title='bbox 1248 4119 1356 4186; x_wconf 87' lang='lat' dir='ltr'><strong>firmet</strong></span> 
     </span>
     <span class='ocr_line' id='line_1_33' title="bbox 209 4213 1529 4316; baseline 0.01 -37"><span class='ocrx_word' id='word_1_197' title='bbox 209 4213 382 4281; x_wconf 73' lang='lat' dir='ltr'><strong>Michaelis</strong></span> <span class='ocrx_word' id='word_1_198' title='bbox 405 4216 545 4304; x_wconf 84' lang='lat' dir='ltr'><strong>celebre.</strong></span> <span class='ocrx_word' id='word_1_199' title='bbox 889 4222 922 4284; x_wconf 93' lang='lat' dir='ltr'><strong>in</strong></span> <span class='ocrx_word' id='word_1_200' title='bbox 946 4221 1042 4287; x_wconf 91' lang='lat' dir='ltr'><strong>deum</strong></span> <span class='ocrx_word' id='word_1_201' title='bbox 1064 4229 1098 4287; x_wconf 87' lang='lat' dir='ltr'><strong>et</strong></span> <span class='ocrx_word' id='word_1_202' title='bbox 1120 4224 1310 4306; x_wconf 83' lang='lat' dir='ltr'><strong>proximum.</strong></span> <span class='ocrx_word' id='word_1_203' title='bbox 1477 4225 1529 4316; x_wconf 76' lang='lat'><strong>3⁰.</strong></span> 
     </span>
    </p>
   </div>
   <div class='ocr_carea' id='block_1_10' title="bbox 205 4387 1389 4798">
    <p class='ocr_par' dir='ltr' id='par_1_18' title="bbox 206 4387 1268 4587">
     <span class='ocr_line' id='line_1_34' title="bbox 206 4387 1268 4484; baseline 0.013 -33"><span class='ocrx_word' id='word_1_204' title='bbox 206 4387 454 4471; x_wconf 86' lang='lat' dir='ltr'><strong>Magistratihus</strong></span> <span class='ocrx_word' id='word_1_205' title='bbox 472 4391 626 4457; x_wconf 85' lang='lat' dir='ltr'><strong>caelorum</strong></span> <span class='ocrx_word' id='word_1_206' title='bbox 792 4396 835 4458; x_wconf 85' lang='grc'>45</span> <span class='ocrx_word' id='word_1_207' title='bbox 887 4396 963 4466; x_wconf 84' lang='lat' dir='ltr'><strong>Xsti</strong></span> <span class='ocrx_word' id='word_1_208' title='bbox 985 4416 1106 4464; x_wconf 90' lang='lat' dir='ltr'><strong>aurora</strong></span> <span class='ocrx_word' id='word_1_209' title='bbox 1127 4399 1268 4484; x_wconf 79' lang='lat' dir='ltr'><strong>fulgebit</strong></span> 
     </span>
     <span class='ocr_line' id='line_1_35' title="bbox 206 4491 1221 4587; baseline 0.014 -32"><span class='ocrx_word' id='word_1_210' title='bbox 206 4498 306 4573; x_wconf 87' lang='lat' dir='ltr'><strong>atque</strong></span> <span class='ocrx_word' id='word_1_211' title='bbox 327 4491 511 4575; x_wconf 83' lang='lat' dir='ltr'><strong>legionibus</strong></span> <span class='ocrx_word' id='word_1_212' title='bbox 887 4502 921 4566; x_wconf 91' lang='lat' dir='ltr'><strong>iu</strong></span> <span class='ocrx_word' id='word_1_213' title='bbox 942 4501 1051 4568; x_wconf 84' lang='lat' dir='ltr'><strong>futuro</strong></span> <span class='ocrx_word' id='word_1_214' title='bbox 1074 4503 1221 4587; x_wconf 90' lang='lat' dir='ltr'><strong>agmine,</strong></span> 
     </span>
    </p>

    <p class='ocr_par' dir='ltr' id='par_1_19' title="bbox 205 4593 1389 4798">
     <span class='ocr_line' id='line_1_36' title="bbox 206 4593 1389 4690; baseline 0.014 -33"><span class='ocrx_word' id='word_1_215' title='bbox 206 4593 287 4658; x_wconf 92' lang='lat' dir='ltr'><strong>deus</strong></span> <span class='ocrx_word' id='word_1_216' title='bbox 310 4595 399 4660; x_wconf 91' lang='lat' dir='ltr'><strong>dedit</strong></span> <span class='ocrx_word' id='word_1_217' title='bbox 420 4597 615 4665; x_wconf 75' lang='lat' dir='ltr'><strong>Michablem</strong></span> <span class='ocrx_word' id='word_1_218' title='bbox 843 4643 848 4646; x_wconf 94' lang='lat'><em>-</em></span> <span class='ocrx_word' id='word_1_219' title='bbox 888 4605 1106 4690; x_wconf 81' lang='lat' dir='ltr'><strong>archangelus</strong></span> <span class='ocrx_word' id='word_1_220' title='bbox 1131 4626 1246 4673; x_wconf 87' lang='lat' dir='ltr'><strong>manus</strong></span> <span class='ocrx_word' id='word_1_221' title='bbox 1268 4605 1389 4676; x_wconf 90' lang='lat' dir='ltr'><strong>mundo</strong></span> 
     </span>
     <span class='ocr_line' id='line_1_37' title="bbox 205 4696 1267 4798; baseline 0.015 -36"><span class='ocrx_word' id='word_1_222' title='bbox 205 4696 321 4765; x_wconf 89' lang='lat' dir='ltr'><strong>ducem</strong></span> <span class='ocrx_word' id='word_1_223' title='bbox 342 4702 450 4768; x_wconf 88' lang='lat' dir='ltr'><strong>multis</strong></span> <span class='ocrx_word' id='word_1_224' title='bbox 472 4704 623 4773; x_wconf 82' lang='lat' dir='ltr'><strong>millibus.</strong></span> <span class='ocrx_word' id='word_1_225' title='bbox 888 4727 961 4776; x_wconf 91' lang='lat' dir='ltr'><strong>cum</strong></span> <span class='ocrx_word' id='word_1_226' title='bbox 982 4710 1106 4796; x_wconf 86' lang='lat' dir='ltr'><strong>ingenti</strong></span> <span class='ocrx_word' id='word_1_227' title='bbox 1128 4711 1267 4798; x_wconf 81' lang='lat' dir='ltr'><strong>fulgore.</strong></span> 
     </span>
    </p>
   </div>
   <div class='ocr_carea' id='block_1_11' title="bbox 0 0 1662 5358">
    <p class='ocr_par' dir='ltr' id='par_1_20' title="bbox 0 0 1662 5358">
     <span class='ocr_line' id='line_1_38' title="bbox 0 0 1662 5358; baseline 0 3"><span class='ocrx_word' id='word_1_228' title='bbox 0 0 1662 5358; x_wconf 95' lang='lat' dir='ltr'><strong> </strong></span> 
     </span>
    </p>
   </div>
  </div>
 </body>
</html>
