3324 5358
1379 353 1445 421 ”i

129 541 246 626 Salve,
270 544 324 626 qui
346 560 406 608 nos
427 561 489 627 per
511 550 543 608 te
565 543 659 626 levit,
811 541 913 609 Salve
936 543 1260 628 sanguinantem,

131 645 205 712 dum
227 648 260 710 in
282 665 379 713 eruce
402 655 492 712 steni
515 647 644 712 sudauit
809 649 866 732 qui
888 650 921 713 in
944 649 1047 715 eutice
1068 651 1219 716 numeris
1398 645 1443 710 20

173 749 262 814 rivos
285 747 424 814 fundens
447 749 626 832 sanguinis:
853 751 948 816 nobis
970 751 1013 816 ud
1035 753 1227 818 remedium:

130 850 236 932 salve,
261 850 316 932 qui
337 847 538 933 flagellatus,
716 851 757 914 10
808 855 911 940 suive,
934 873 1009 922 num
1031 875 1093 941 per
1114 865 1147 923 te
1168 857 1340 926 mulum

129 960 163 1018 te
186 953 300 1017 effudit
322 952 376 1018 dei
397 953 483 1018 lutus
808 977 908 1043 poena
929 959 1023 1026 sortis
1046 963 1223 1030 animarum

173 1073 236 1140 pro
260 1056 363 1121 salute
385 1055 530 1120 hominis.
851 1061 1001 1145 pleeutur
1024 1071 1058 1128 et
1079 1061 1219 1130 teedium.

129 1214 231 1284 Salve
253 1225 302 1300 tu,
326 1218 378 1300 qui
403 1235 438 1281 es
460 1217 590 1282 rotundi
808 1221 910 1290 Salve
932 1224 1007 1291 fons
1030 1225 1143 1290 salutis
1166 1225 1262 1308 deus,
1394 1225 1437 1289 25

127 1321 217 1386 sulus
241 1329 274 1386 et
296 1322 435 1404 pretium
453 1317 563 1386 mundi
809 1328 886 1394 lieet
908 1329 967 1394 sim
989 1337 1147 1414 peeoutor
1168 1345 1262 1412 root,

172 1433 349 1508 nostraque
371 1425 570 1510 redemptio:
717 1428 757 1488 15
853 1433 981 1498 venium
1003 1441 1081 1516 peto
1103 1441 1228 1514 tumen,

130 1528 224 1594 selue
246 1529 333 1594 salus
355 1527 554 1613 prmiuloita,
708 1595 711 1600 ,
809 1539 846 1598 ut
866 1533 900 1598 in
922 1541 954 1599 te
978 1536 1151 1599 consistam
1172 1533 1273 1616 lotus,

127 1651 192 1717 per
214 1631 310 1717 quem
331 1633 425 1700 nobis
449 1630 544 1698 detur
565 1632 635 1698 vitu
809 1635 877 1718 tibi,
900 1637 955 1721 pie
978 1635 1116 1722 (insiste,
1140 1643 1228 1702 totus

173 1735 340 1820 hostisque
361 1737 553 1822 peremptio.
853 1737 913 1802 sim
935 1745 1144 1804 restauratus.
1173 1757 1276 1804 emen.
1392 1733 1437 1800 ³0

217 1922 409 1980 Reiehenauer
427 1921 554 1996 Pup-tls
572 1922 624 1978 No.
640 1920 700 1978 teo.
718 1923 752 1976 15
770 1919 867 1977 taurin
885 1937 921 1978 nu
938 1921 1102 1981 niumm.

214 2039 535 2116 u.1ofen1ttsylbe,
552 2042 698 2100 vietteieht
716 2045 754 2098 tu.
791 2043 825 2096 1³
842 2043 947 2113 recudi,
967 2045 1013 2101 lis.
1050 2045 1086 2102 28
1105 2047 1152 2118 uui
1170 2049 1251 2116 meo,
1270 2047 1317 2104 tiu.
1336 2040 1435 2102 teon·

124 2133 234 2188 sistam.

217 2255 249 2309 V.
267 2257 310 2311 20.
337 2251 479 2321 nectaris,
498 2248 546 2307 fuir
563 2250 768 2308 nsnemutaris

563 2560 649 2634 224.
681 2559 740 2632 De
766 2571 996 2634 sacramento.

129 2763 183 2832 'l'u
205 2783 242 2831 es
264 2772 369 2848 uerte,
393 2782 488 2860 quem
510 2761 627 2846 habeo,
810 2772 875 2830 tuae
898 2783 949 2827 me
972 2762 1135 2830 dulcedini

173 2889 268 2954 quem
290 2867 387 2932 avide
410 2868 512 2952 sitivi,
853 2868 907 2932 see
926 2865 1025 2952 digne
1047 2867 1249 2951 praesenteri.
1395 2867 1440 2932 20

126 2979 164 3038 et
186 2980 291 3054 teneo,
310 2971 480 3055 possideo,

177 3095 271 3158 qm
289 3073 398 3143 valide
418 3073 538 3159 nupia
811 3031 945 3099 Goelesti
967 3039 1106 3096 mentem
1129 3029 1225 3114 adipe

715 3147 716 3154 ’
853 3135 908 3200 iao
930 3151 1034 3199 meam
1056 3132 1250 3216 impinguari

137 3235 208 3306 mni
232 3237 383 3321 quidnam
405 3237 582 3304 retlibuam
729 3237 757 3299 ι5
811 3247 845 3305 et
866 3239 943 3323 igne
966 3245 1022 3304 tuo
1043 3237 1189 3324 praecipe

175 3363 237 3428 pro
260 3351 326 3408 tem
346 3343 516 3428 praeoluris
540 3339 658 3406 denisi
815 3411 821 3418 ,
855 3361 913 3408 eor
935 3361 1040 3406 meum
1062 3339 1262 3406 inflammari.

131 3446 186 3528 qui
207 3452 346 3510 mentem
368 3465 472 3510 meam
490 3463 628 3510 vacuam

174 3555 240 3611 tam
263 3547 348 3611 02er
371 3547 486 3630 imples
508 3545 610 3611 bonis·
812 3503 1013 3610 Theuaurum
1035 3511 1122 3568 tuum
1145 3521 1259 3568 resera
1397 3501 1440 3564 25

855 3615 889 3671 et
911 3625 1024 3672 verum
1046 3625 1162 3670 manna
1184 3605 1261 3688 plue

6 3729 8 3757 ι
69 3775 71 3779 ,
128 3709 351 3775 (indurando
374 3707 493 3792 deitas,
662 3735 663 3740 ¹
812 3717 977 3790 totumque
1001 3727 1053 3772 me
1077 3705 1265 3772 oontoedera

7 3805 8 3842 ³
175 3822 209 3878 te
232 3815 349 3878 invoeo
373 3814 405 3876 in
429 3811 512 3896 fide,
720 3813 759 3875 10
857 3811 1021 3877 dileetioni
1043 3820 1116 3876 tuae.

7 3879 9 3926 ἆ
131 3933 154 3980 0
178 3914 368 3979 admiranda
389 3916 517 3979 bonitas

8 4377 9 4392 ¹
130 4394 167 4452 et
188 4387 245 4452 lux
267 4387 314 4451 tui
336 4387 464 4452 luminis

813 3973 894 4040 Mihi
917 3971 1045 4058 quidem
1067 3970 1206 4054 pauperi

400 4141 404 4148 ,
856 4077 898 4148 de
921 4084 954 4140 te
972 4073 1181 4159 praesumenti
1400 4073 1443 4136 ³0

132 4179 213 4246 Tuee
236 4179 436 4245 celsitudinis
813 4183 899 4266 piam
921 4199 1049 4244 menum
1072 4177 1181 4262 aperi,

176 4284 293 4348 eoelum
316 4283 369 4347 nio
391 4289 540 4366 putescat
857 4284 990 4366 indulge
1012 4282 1058 4345 nil
1081 4282 1223 4347 habenti.

178 4034 263 4083 nuno
286 4016 361 4080 audi
382 4036 434 4080 me
457 4024 491 4080 et
512 4015 606 4080 vide!

720 4387 760 4450 15
814 4445 865 4511 Tu
888 4446 941 4510 dei
962 4444 1040 4510 boni
1062 4443 1160 4524 filius,

859 4569 955 4634 quum
976 4548 1049 4612 vilis
1072 4548 1147 4628 sim,
1170 4561 1236 4608 non
1256 4537 1374 4626 pende,

133 4652 240 4718 Visite
262 4676 313 4720 me
335 4657 433 4722 hodie
816 4652 877 4719 sed
898 4671 994 4735 quum
1016 4650 1061 4713 sis
1084 4643 1328 4726 amentissimus,
1398 4641 1445 4706 do

177 4757 212 4824 in
234 4764 289 4824 tuo
313 4759 448 4824 salutati
454 4789 465 4844 i
564 4771 565 4775 ’
861 4777 957 4842 quam
975 4755 1087 4838 duleis,
1109 4749 1153 4818 mi
1171 4747 1315 4816 ostende.

178 4509 276 4574 super
296 4512 349 4556 me
372 4490 590 4586 splendescat.
