<?xml version="1.0" encoding="UTF-8"?>
<!DOCTYPE html PUBLIC "-//W3C//DTD XHTML 1.0 Transitional//EN"
    "http://www.w3.org/TR/xhtml1/DTD/xhtml1-transitional.dtd">
<html xmlns="http://www.w3.org/1999/xhtml" xml:lang="en" lang="en">
 <head>
  <title>
</title>
<meta http-equiv="Content-Type" content="text/html;charset=utf-8" />
  <meta name='ocr-system' content='tesseract 3.04.00' />
  <meta name='ocr-capabilities' content='ocr_page ocr_carea ocr_par ocr_line ocrx_word'/>
</head>
<body>
  <div class='ocr_page' id='page_1' title='image "./hymnilatinimedi01monegoog_0361.png"; bbox 0 0 3324 5358; ppageno 0'>
   <div class='ocr_carea' id='block_1_1' title="bbox 196 307 263 375">
    <p class='ocr_par' dir='ltr' id='par_1_1' title="bbox 196 307 263 375">
     <span class='ocr_line' id='line_1_1' title="bbox 196 307 263 375; baseline -0.045 0"><span class='ocrx_word' id='word_1_1' title='bbox 196 307 263 375; x_wconf 74' lang='grc'>348</span> 
     </span>
    </p>
   </div>
   <div class='ocr_carea' id='block_1_2' title="bbox 195 494 827 1092">
    <p class='ocr_par' dir='ltr' id='par_1_2' title="bbox 195 494 827 1092">
     <span class='ocr_line' id='line_1_2' title="bbox 195 494 589 580; baseline -0.015 -17"><span class='ocrx_word' id='word_1_2' title='bbox 195 497 294 580; x_wconf 75' lang='lat' dir='ltr'>lesu,</span> <span class='ocrx_word' id='word_1_3' title='bbox 319 495 393 562; x_wconf 87' lang='lat' dir='ltr'>coeli</span> <span class='ocrx_word' id='word_1_4' title='bbox 414 494 589 576; x_wconf 81' lang='lat' dir='ltr'>mediator,</span> 
     </span>
     <span class='ocr_line' id='line_1_3' title="bbox 197 596 643 682; baseline -0.009 -18"><span class='ocrx_word' id='word_1_5' title='bbox 197 597 389 682; x_wconf 79' lang='lat' dir='ltr'>magnificus</span> <span class='ocrx_word' id='word_1_6' title='bbox 412 596 643 680; x_wconf 89' lang='lat' dir='ltr'>triumphator,</span> 
     </span>
     <span class='ocr_line' id='line_1_4' title="bbox 241 699 597 782; baseline -0.011 -18"><span class='ocrx_word' id='word_1_7' title='bbox 241 700 409 765; x_wconf 88' lang='lat' dir='ltr'>ordinator</span> <span class='ocrx_word' id='word_1_8' title='bbox 426 699 597 782; x_wconf 90' lang='lat' dir='ltr'>temporis,</span> 
     </span>
     <span class='ocr_line' id='line_1_5' title="bbox 198 799 827 888; baseline -0.003 -21"><span class='ocrx_word' id='word_1_9' title='bbox 198 823 260 888; x_wconf 90' lang='lat' dir='ltr'>per</span> <span class='ocrx_word' id='word_1_10' title='bbox 281 810 314 867; x_wconf 92' lang='lat' dir='ltr'>te</span> <span class='ocrx_word' id='word_1_11' title='bbox 337 821 466 885; x_wconf 88' lang='lat' dir='ltr'>semper</span> <span class='ocrx_word' id='word_1_12' title='bbox 489 801 703 883; x_wconf 87' lang='lat' dir='ltr'>consolemur,</span> <span class='ocrx_word' id='word_1_13' title='bbox 761 799 827 865; x_wconf 77' lang='lat'>340</span> 
     </span>
     <span class='ocr_line' id='line_1_6' title="bbox 198 905 608 972; baseline -0.015 0"><span class='ocrx_word' id='word_1_14' title='bbox 198 908 241 972; x_wconf 86' lang='lat' dir='ltr'>ab</span> <span class='ocrx_word' id='word_1_15' title='bbox 263 905 410 971; x_wconf 84' lang='lat' dir='ltr'>hostibus</span> <span class='ocrx_word' id='word_1_16' title='bbox 432 905 608 970; x_wconf 82' lang='lat' dir='ltr'>liberemur</span> 
     </span>
     <span class='ocr_line' id='line_1_7' title="bbox 241 1008 657 1092; baseline -0.002 -20"><span class='ocrx_word' id='word_1_17' title='bbox 241 1009 357 1073; x_wconf 86' lang='lat' dir='ltr'>mentis</span> <span class='ocrx_word' id='word_1_18' title='bbox 379 1015 477 1091; x_wconf 86' lang='lat' dir='ltr'>atque</span> <span class='ocrx_word' id='word_1_19' title='bbox 500 1008 657 1092; x_wconf 89' lang='lat' dir='ltr'>corporis.</span> 
     </span>
    </p>
   </div>
   <div class='ocr_carea' id='block_1_3' title="bbox 198 1219 688 1806">
    <p class='ocr_par' dir='ltr' id='par_1_3' title="bbox 198 1219 688 1806">
     <span class='ocr_line' id='line_1_8' title="bbox 198 1219 617 1304; baseline -0.01 -16"><span class='ocrx_word' id='word_1_20' title='bbox 198 1221 297 1304; x_wconf 85' lang='lat' dir='ltr'>Jesn,</span> <span class='ocrx_word' id='word_1_21' title='bbox 320 1241 418 1286; x_wconf 90' lang='lat' dir='ltr'>verus</span> <span class='ocrx_word' id='word_1_22' title='bbox 441 1219 617 1300; x_wconf 84' lang='lat' dir='ltr'>Samarita,</span> 
     </span>
     <span class='ocr_line' id='line_1_9' title="bbox 200 1323 651 1410; baseline -0.004 -20"><span class='ocrx_word' id='word_1_23' title='bbox 200 1325 300 1410; x_wconf 83' lang='lat' dir='ltr'>alpha</span> <span class='ocrx_word' id='word_1_24' title='bbox 322 1332 355 1389; x_wconf 92' lang='lat' dir='ltr'>et</span> <span class='ocrx_word' id='word_1_25' title='bbox 374 1349 400 1390; x_wconf 87' lang='grc' dir='ltr'>ω</span> <span class='ocrx_word' id='word_1_26' title='bbox 407 1373 416 1407; x_wconf 86' lang='grc'>,</span> <span class='ocrx_word' id='word_1_27' title='bbox 440 1325 543 1407; x_wconf 88' lang='lat' dir='ltr'>salus,</span> <span class='ocrx_word' id='word_1_28' title='bbox 566 1323 651 1405; x_wconf 84' lang='lat' dir='ltr'>vita,</span> 
     </span>
     <span class='ocr_line' id='line_1_10' title="bbox 243 1428 632 1512; baseline -0.003 -18"><span class='ocrx_word' id='word_1_29' title='bbox 243 1449 310 1512; x_wconf 84' lang='lat' dir='ltr'>pax</span> <span class='ocrx_word' id='word_1_30' title='bbox 333 1437 367 1493; x_wconf 94' lang='lat' dir='ltr'>et</span> <span class='ocrx_word' id='word_1_31' title='bbox 390 1428 484 1494; x_wconf 89' lang='lat' dir='ltr'>dator</span> <span class='ocrx_word' id='word_1_32' title='bbox 506 1430 632 1510; x_wconf 84' lang='lat' dir='ltr'>veniae,</span> 
     </span>
     <span class='ocr_line' id='line_1_11' title="bbox 202 1532 688 1618; baseline 0.002 -21"><span class='ocrx_word' id='word_1_33' title='bbox 202 1553 264 1618; x_wconf 88' lang='lat' dir='ltr'>per</span> <span class='ocrx_word' id='word_1_34' title='bbox 281 1540 314 1598; x_wconf 90' lang='lat' dir='ltr'>te</span> <span class='ocrx_word' id='word_1_35' title='bbox 336 1549 456 1616; x_wconf 92' lang='lat' dir='ltr'>precor</span> <span class='ocrx_word' id='word_1_36' title='bbox 478 1533 566 1596; x_wconf 84' lang='lat' dir='ltr'>meis</span> <span class='ocrx_word' id='word_1_37' title='bbox 580 1532 688 1615; x_wconf 80' lang='lat' dir='ltr'>molis,</span> 
     </span>
     <span class='ocr_line' id='line_1_12' title="bbox 199 1636 626 1701; baseline -0.002 0"><span class='ocrx_word' id='word_1_38' title='bbox 199 1655 242 1701; x_wconf 84' lang='lat' dir='ltr'>nc</span> <span class='ocrx_word' id='word_1_39' title='bbox 264 1655 316 1700; x_wconf 90' lang='lat' dir='ltr'>me</span> <span class='ocrx_word' id='word_1_40' title='bbox 338 1636 438 1700; x_wconf 87' lang='lat' dir='ltr'>laedat</span> <span class='ocrx_word' id='word_1_41' title='bbox 459 1637 626 1701; x_wconf 80' lang='lat' dir='ltr'>infernalis</span> 
     </span>
     <span class='ocr_line' id='line_1_13' title="bbox 246 1739 575 1806; baseline -0.012 0"><span class='ocrx_word' id='word_1_42' title='bbox 246 1741 407 1806; x_wconf 87' lang='lat' dir='ltr'>cruciatus</span> <span class='ocrx_word' id='word_1_43' title='bbox 429 1739 575 1805; x_wconf 87' lang='lat' dir='ltr'>maliciae.</span> 
     </span>
    </p>
   </div>
   <div class='ocr_carea' id='block_1_4' title="bbox 200 1953 663 2551">
    <p class='ocr_par' dir='ltr' id='par_1_4' title="bbox 200 1953 663 2450">
     <span class='ocr_line' id='line_1_14' title="bbox 200 1953 636 2039; baseline -0.007 -19"><span class='ocrx_word' id='word_1_44' title='bbox 200 1953 295 2037; x_wconf 85' lang='lat' dir='ltr'>Jesu,</span> <span class='ocrx_word' id='word_1_45' title='bbox 319 1954 420 2038; x_wconf 83' lang='lat' dir='ltr'><strong>lapsis</strong></span> <span class='ocrx_word' id='word_1_46' title='bbox 442 1962 636 2039; x_wconf 79' lang='lat' dir='ltr'>reparator,</span> 
     </span>
     <span class='ocr_line' id='line_1_15' title="bbox 201 2058 648 2141; baseline -0.004 -19"><span class='ocrx_word' id='word_1_47' title='bbox 201 2065 314 2122; x_wconf 79' lang='lat' dir='ltr'>auctor</span> <span class='ocrx_word' id='word_1_48' title='bbox 335 2058 426 2141; x_wconf 82' lang='lat' dir='ltr'>pacis</span> <span class='ocrx_word' id='word_1_49' title='bbox 450 2066 483 2121; x_wconf 87' lang='lat' dir='ltr'>et</span> <span class='ocrx_word' id='word_1_50' title='bbox 505 2064 648 2139; x_wconf 91' lang='lat' dir='ltr'>amator,</span> 
     </span>
     <span class='ocr_line' id='line_1_16' title="bbox 243 2161 618 2244; baseline -0.003 -20"><span class='ocrx_word' id='word_1_51' title='bbox 243 2161 366 2242; x_wconf 87' lang='lat' dir='ltr'>lumen,</span> <span class='ocrx_word' id='word_1_52' title='bbox 388 2161 457 2244; x_wconf 85' lang='lat' dir='ltr'>via,</span> <span class='ocrx_word' id='word_1_53' title='bbox 480 2162 618 2243; x_wconf 87' lang='lat' dir='ltr'>veritas,</span> 
     </span>
     <span class='ocr_line' id='line_1_17' title="bbox 201 2262 663 2346; baseline 0.002 -21"><span class='ocrx_word' id='word_1_54' title='bbox 201 2262 319 2327; x_wconf 88' lang='lat' dir='ltr'>exaudi</span> <span class='ocrx_word' id='word_1_55' title='bbox 341 2283 393 2327; x_wconf 90' lang='lat' dir='ltr'>me</span> <span class='ocrx_word' id='word_1_56' title='bbox 415 2263 663 2346; x_wconf 85' lang='lat' dir='ltr'>deprecantem,</span> 
     </span>
     <span class='ocr_line' id='line_1_18' title="bbox 201 2365 646 2450; baseline 0.009 -23"><span class='ocrx_word' id='word_1_57' title='bbox 201 2366 329 2450; x_wconf 84' lang='lat' dir='ltr'>suscipe</span> <span class='ocrx_word' id='word_1_58' title='bbox 351 2385 403 2430; x_wconf 88' lang='lat' dir='ltr'>me</span> <span class='ocrx_word' id='word_1_59' title='bbox 425 2365 646 2449; x_wconf 86' lang='lat' dir='ltr'>fluctuantem,</span> 
     </span>
    </p>

    <p class='ocr_par' dir='ltr' id='par_1_5' title="bbox 243 2467 570 2551">
     <span class='ocr_line' id='line_1_19' title="bbox 243 2467 570 2551; baseline 0 -19"><span class='ocrx_word' id='word_1_60' title='bbox 243 2467 339 2550; x_wconf 86' lang='lat' dir='ltr'>Jesu,</span> <span class='ocrx_word' id='word_1_61' title='bbox 364 2469 419 2551; x_wconf 87' lang='lat' dir='ltr'>pia</span> <span class='ocrx_word' id='word_1_62' title='bbox 442 2469 570 2534; x_wconf 89' lang='lat' dir='ltr'>caritas.</span> 
     </span>
    </p>
   </div>
   <div class='ocr_carea' id='block_1_5' title="bbox 198 2682 640 3286">
    <p class='ocr_par' dir='ltr' id='par_1_6' title="bbox 198 2682 640 3286">
     <span class='ocr_line' id='line_1_20' title="bbox 199 2682 624 2768; baseline 0.005 -20"><span class='ocrx_word' id='word_1_63' title='bbox 199 2682 281 2748; x_wconf 87' lang='lat' dir='ltr'>Jesn</span> <span class='ocrx_word' id='word_1_64' title='bbox 303 2685 377 2768; x_wconf 90' lang='lat' dir='ltr'>pie,</span> <span class='ocrx_word' id='word_1_65' title='bbox 401 2686 456 2768; x_wconf 89' lang='lat' dir='ltr'>qui</span> <span class='ocrx_word' id='word_1_66' title='bbox 477 2687 624 2751; x_wconf 89' lang='lat' dir='ltr'>laborem</span> 
     </span>
     <span class='ocr_line' id='line_1_21' title="bbox 201 2789 631 2872; baseline 0 -19"><span class='ocrx_word' id='word_1_67' title='bbox 201 2789 389 2854; x_wconf 86' lang='lat' dir='ltr'>consideras</span> <span class='ocrx_word' id='word_1_68' title='bbox 413 2797 446 2854; x_wconf 90' lang='lat' dir='ltr'>et</span> <span class='ocrx_word' id='word_1_69' title='bbox 469 2790 631 2872; x_wconf 89' lang='lat' dir='ltr'>dolorem,</span> 
     </span>
     <span class='ocr_line' id='line_1_22' title="bbox 244 2888 640 2972; baseline 0.005 -20"><span class='ocrx_word' id='word_1_70' title='bbox 244 2888 328 2954; x_wconf 89' lang='lat' dir='ltr'>educ</span> <span class='ocrx_word' id='word_1_71' title='bbox 349 2911 400 2955; x_wconf 89' lang='lat' dir='ltr'>me</span> <span class='ocrx_word' id='word_1_72' title='bbox 423 2891 464 2956; x_wconf 87' lang='lat' dir='ltr'>de</span> <span class='ocrx_word' id='word_1_73' title='bbox 487 2910 640 2972; x_wconf 85' lang='lat' dir='ltr'>carcere3</span> 
     </span>
     <span class='ocr_line' id='line_1_23' title="bbox 199 2995 635 3077; baseline 0.007 -20"><span class='ocrx_word' id='word_1_74' title='bbox 199 3010 278 3058; x_wconf 89' lang='lat' dir='ltr'>ecce</span> <span class='ocrx_word' id='word_1_75' title='bbox 300 3013 352 3056; x_wconf 92' lang='lat' dir='ltr'>me</span> <span class='ocrx_word' id='word_1_76' title='bbox 376 2995 434 3059; x_wconf 87' lang='lat' dir='ltr'>tibi</span> <span class='ocrx_word' id='word_1_77' title='bbox 456 2996 635 3077; x_wconf 87' lang='lat' dir='ltr'>committo,</span> 
     </span>
     <span class='ocr_line' id='line_1_24' title="bbox 198 3093 581 3162; baseline 0.01 -4"><span class='ocrx_word' id='word_1_78' title='bbox 198 3095 231 3158; x_wconf 90' lang='lat' dir='ltr'>in</span> <span class='ocrx_word' id='word_1_79' title='bbox 252 3093 400 3162; x_wconf 77' lang='lat' dir='ltr'>Abrahae</span> <span class='ocrx_word' id='word_1_80' title='bbox 423 3098 494 3162; x_wconf 90' lang='lat' dir='ltr'>sinu</span> <span class='ocrx_word' id='word_1_81' title='bbox 517 3098 581 3162; x_wconf 87' lang='lat' dir='ltr'>cito</span> 
     </span>
     <span class='ocr_line' id='line_1_25' title="bbox 237 3197 573 3286; baseline 0.006 -24"><span class='ocrx_word' id='word_1_82' title='bbox 237 3197 320 3282; x_wconf 87' lang='lat' dir='ltr'>jube</span> <span class='ocrx_word' id='word_1_83' title='bbox 341 3220 393 3262; x_wconf 92' lang='lat' dir='ltr'>me</span> <span class='ocrx_word' id='word_1_84' title='bbox 416 3203 573 3286; x_wconf 88' lang='lat' dir='ltr'>recipere.</span> 
     </span>
    </p>
   </div>
   <div class='ocr_carea' id='block_1_6' title="bbox 149 3409 825 4014">
    <p class='ocr_par' dir='ltr' id='par_1_7' title="bbox 199 3409 667 3499">
     <span class='ocr_line' id='line_1_26' title="bbox 199 3409 667 3499; baseline 0 -21"><span class='ocrx_word' id='word_1_85' title='bbox 199 3409 280 3478; x_wconf 81' lang='lat' dir='ltr'>Jesn</span> <span class='ocrx_word' id='word_1_86' title='bbox 305 3411 450 3496; x_wconf 80' lang='lat' dir='ltr'>Christe,</span> <span class='ocrx_word' id='word_1_87' title='bbox 472 3434 553 3479; x_wconf 90' lang='lat' dir='ltr'>vera</span> <span class='ocrx_word' id='word_1_88' title='bbox 576 3415 667 3499; x_wconf 87' lang='lat' dir='ltr'>vitis,</span> 
     </span>
    </p>

    <p class='ocr_par' dir='ltr' id='par_1_8' title="bbox 198 3517 783 3704">
     <span class='ocr_line' id='line_1_27' title="bbox 198 3517 783 3600; baseline 0.003 -20"><span class='ocrx_word' id='word_1_89' title='bbox 198 3517 292 3599; x_wconf 92' lang='lat' dir='ltr'>panis</span> <span class='ocrx_word' id='word_1_90' title='bbox 315 3517 424 3596; x_wconf 88' lang='lat' dir='ltr'>vivus,</span> <span class='ocrx_word' id='word_1_91' title='bbox 448 3535 552 3598; x_wconf 81' lang='lat' dir='ltr'>agnus</span> <span class='ocrx_word' id='word_1_92' title='bbox 574 3518 674 3600; x_wconf 89' lang='lat' dir='ltr'>mitis,</span> <span class='ocrx_word' id='word_1_93' title='bbox 779 3537 783 3542; x_wconf 76' lang='grc'><strong>’</strong></span> 
     </span>
     <span class='ocr_line' id='line_1_28' title="bbox 241 3619 608 3704; baseline 0.003 -21"><span class='ocrx_word' id='word_1_94' title='bbox 241 3627 277 3683; x_wconf 89' lang='lat' dir='ltr'>tu</span> <span class='ocrx_word' id='word_1_95' title='bbox 300 3627 429 3683; x_wconf 90' lang='lat' dir='ltr'>creator</span> <span class='ocrx_word' id='word_1_96' title='bbox 451 3619 608 3704; x_wconf 90' lang='lat' dir='ltr'>siderum,</span> 
     </span>
    </p>

    <p class='ocr_par' dir='ltr' id='par_1_9' title="bbox 200 3722 634 3806">
     <span class='ocr_line' id='line_1_29' title="bbox 200 3722 634 3806; baseline 0.005 -22"><span class='ocrx_word' id='word_1_97' title='bbox 200 3728 236 3785; x_wconf 91' lang='lat' dir='ltr'>tu</span> <span class='ocrx_word' id='word_1_98' title='bbox 258 3722 299 3785; x_wconf 87' lang='lat' dir='ltr'>de</span> <span class='ocrx_word' id='word_1_99' title='bbox 321 3723 408 3788; x_wconf 87' lang='lat' dir='ltr'>valle</span> <span class='ocrx_word' id='word_1_100' title='bbox 431 3725 634 3806; x_wconf 86' lang='lat' dir='ltr'>paupertatis</span> 
     </span>
    </p>

    <p class='ocr_par' dir='ltr' id='par_1_10' title="bbox 149 3825 825 3896">
     <span class='ocr_line' id='line_1_30' title="bbox 149 3825 825 3896; baseline 0.01 -9"><span class='ocrx_word' id='word_1_101' title='bbox 149 3832 152 3836; x_wconf 87' lang='grc'><strong>’</strong></span> <span class='ocrx_word' id='word_1_102' title='bbox 200 3831 234 3888; x_wconf 93' lang='lat' dir='ltr'>et</span> <span class='ocrx_word' id='word_1_103' title='bbox 256 3825 297 3888; x_wconf 89' lang='lat' dir='ltr'>de</span> <span class='ocrx_word' id='word_1_104' title='bbox 321 3827 394 3891; x_wconf 92' lang='lat' dir='ltr'>lacu</span> <span class='ocrx_word' id='word_1_105' title='bbox 418 3829 573 3892; x_wconf 86' lang='lat' dir='ltr'>caecitatis</span> <span class='ocrx_word' id='word_1_106' title='bbox 745 3832 825 3896; x_wconf 73' lang='lat'>-365</span> 
     </span>
    </p>

    <p class='ocr_par' dir='ltr' id='par_1_11' title="bbox 244 3931 628 4014">
     <span class='ocr_line' id='line_1_31' title="bbox 244 3931 628 4014; baseline 0.018 -24"><span class='ocrx_word' id='word_1_107' title='bbox 244 3931 374 4014; x_wconf 88' lang='lat' dir='ltr'>suscipe</span> <span class='ocrx_word' id='word_1_108' title='bbox 394 3951 447 3995; x_wconf 88' lang='lat' dir='ltr'>me</span> <span class='ocrx_word' id='word_1_109' title='bbox 469 3933 628 3997; x_wconf 89' lang='lat' dir='ltr'>miserum.</span> 
     </span>
    </p>
   </div>
   <div class='ocr_carea' id='block_1_7' title="bbox 199 4153 825 4757">
    <p class='ocr_par' dir='ltr' id='par_1_12' title="bbox 199 4153 825 4757">
     <span class='ocr_line' id='line_1_32' title="bbox 200 4153 618 4239; baseline 0.002 -19"><span class='ocrx_word' id='word_1_110' title='bbox 200 4153 297 4237; x_wconf 84' lang='lat' dir='ltr'>Jesu,</span> <span class='ocrx_word' id='word_1_111' title='bbox 320 4174 380 4218; x_wconf 85' lang='lat' dir='ltr'>rex</span> <span class='ocrx_word' id='word_1_112' title='bbox 402 4156 618 4239; x_wconf 88' lang='lat' dir='ltr'>exercituum,</span> 
     </span>
     <span class='ocr_line' id='line_1_33' title="bbox 201 4259 601 4322; baseline 0.003 -1"><span class='ocrx_word' id='word_1_113' title='bbox 201 4259 294 4322; x_wconf 87' lang='lat' dir='ltr'>salva</span> <span class='ocrx_word' id='word_1_114' title='bbox 317 4278 368 4321; x_wconf 88' lang='lat' dir='ltr'>me</span> <span class='ocrx_word' id='word_1_115' title='bbox 390 4259 601 4322; x_wconf 90' lang='lat' dir='ltr'>miserrimum</span> 
     </span>
     <span class='ocr_line' id='line_1_34' title="bbox 244 4362 534 4443; baseline 0 -19"><span class='ocrx_word' id='word_1_116' title='bbox 244 4362 277 4424; x_wconf 94' lang='lat' dir='ltr'>in</span> <span class='ocrx_word' id='word_1_117' title='bbox 300 4369 356 4425; x_wconf 87' lang='lat' dir='ltr'>tua</span> <span class='ocrx_word' id='word_1_118' title='bbox 378 4363 534 4443; x_wconf 87' lang='lat' dir='ltr'>essentia,</span> 
     </span>
     <span class='ocr_line' id='line_1_35' title="bbox 200 4465 825 4551; baseline 0.011 -23"><span class='ocrx_word' id='word_1_119' title='bbox 200 4483 305 4528; x_wconf 88' lang='lat' dir='ltr'>meum</span> <span class='ocrx_word' id='word_1_120' title='bbox 326 4465 360 4526; x_wconf 91' lang='lat' dir='ltr'>in</span> <span class='ocrx_word' id='word_1_121' title='bbox 383 4472 416 4528; x_wconf 91' lang='lat' dir='ltr'>te</span> <span class='ocrx_word' id='word_1_122' title='bbox 438 4484 495 4530; x_wconf 90' lang='lat' dir='ltr'>cor</span> <span class='ocrx_word' id='word_1_123' title='bbox 518 4467 663 4551; x_wconf 82' lang='lat' dir='ltr'>laetetur,</span> <span class='ocrx_word' id='word_1_124' title='bbox 760 4469 825 4535; x_wconf 72' lang='lat'>3⁷0</span> 
     </span>
     <span class='ocr_line' id='line_1_36' title="bbox 199 4569 617 4650; baseline 0.007 -17"><span class='ocrx_word' id='word_1_125' title='bbox 199 4569 400 4650; x_wconf 82' lang='lat' dir='ltr'>gubernetur</span> <span class='ocrx_word' id='word_1_126' title='bbox 418 4576 451 4634; x_wconf 90' lang='lat' dir='ltr'>et</span> <span class='ocrx_word' id='word_1_127' title='bbox 472 4571 617 4636; x_wconf 88' lang='lat' dir='ltr'>salvetur</span> 
     </span>
     <span class='ocr_line' id='line_1_37' title="bbox 244 4673 574 4757; baseline 0.015 -22"><span class='ocrx_word' id='word_1_128' title='bbox 244 4679 299 4736; x_wconf 89' lang='lat' dir='ltr'>tua</span> <span class='ocrx_word' id='word_1_129' title='bbox 320 4673 534 4757; x_wconf 86' lang='lat' dir='ltr'>providentia.</span> <span class='ocrx_word' id='word_1_130' title='bbox 570 4717 574 4722; x_wconf 92' lang='lat'>-</span> 
     </span>
    </p>
   </div>
   <div class='ocr_carea' id='block_1_8' title="bbox 880 491 1509 1092">
    <p class='ocr_par' dir='ltr' id='par_1_13' title="bbox 880 491 1509 1092">
     <span class='ocr_line' id='line_1_38' title="bbox 880 491 1324 578; baseline -0.005 -18"><span class='ocrx_word' id='word_1_131' title='bbox 880 491 919 560; x_wconf 89' lang='lat' dir='ltr'>Iu</span> <span class='ocrx_word' id='word_1_132' title='bbox 940 499 984 577; x_wconf 92' lang='lat' dir='ltr'>te,</span> <span class='ocrx_word' id='word_1_133' title='bbox 1006 493 1105 575; x_wconf 85' lang='lat' dir='ltr'>Jesu,</span> <span class='ocrx_word' id='word_1_134' title='bbox 1126 493 1324 578; x_wconf 83' lang='lat' dir='ltr'>meditabor,</span> 
     </span>
     <span class='ocr_line' id='line_1_39' title="bbox 880 596 1219 663; baseline -0.006 -1"><span class='ocrx_word' id='word_1_135' title='bbox 880 597 973 662; x_wconf 85' lang='lat' dir='ltr'>vultu</span> <span class='ocrx_word' id='word_1_136' title='bbox 994 604 1050 662; x_wconf 85' lang='lat' dir='ltr'>tuo</span> <span class='ocrx_word' id='word_1_137' title='bbox 1073 596 1219 663; x_wconf 84' lang='lat' dir='ltr'>satiabor</span> 
     </span>
     <span class='ocr_line' id='line_1_40' title="bbox 922 699 1509 767; baseline -0.002 -2"><span class='ocrx_word' id='word_1_138' title='bbox 922 700 957 765; x_wconf 90' lang='lat' dir='ltr'>in</span> <span class='ocrx_word' id='word_1_139' title='bbox 981 699 1135 766; x_wconf 81' lang='lat' dir='ltr'>saeculum</span> <span class='ocrx_word' id='word_1_140' title='bbox 1157 701 1285 765; x_wconf 82' lang='lat' dir='ltr'>saeculi:</span> <span class='ocrx_word' id='word_1_141' title='bbox 1444 703 1509 767; x_wconf 74' lang='lat'>375</span> 
     </span>
     <span class='ocr_line' id='line_1_41' title="bbox 881 803 1325 886; baseline -0.007 -19"><span class='ocrx_word' id='word_1_142' title='bbox 881 803 1053 868; x_wconf 89' lang='lat' dir='ltr'>consolare</span> <span class='ocrx_word' id='word_1_143' title='bbox 1074 821 1126 865; x_wconf 91' lang='lat' dir='ltr'>me</span> <span class='ocrx_word' id='word_1_144' title='bbox 1143 803 1325 886; x_wconf 83' lang='lat' dir='ltr'>lugentem,</span> 
     </span>
     <span class='ocr_line' id='line_1_42' title="bbox 880 904 1316 988; baseline -0.009 -16"><span class='ocrx_word' id='word_1_145' title='bbox 880 904 1009 971; x_wconf 76' lang='lat' dir='ltr'>custodi</span> <span class='ocrx_word' id='word_1_146' title='bbox 1030 925 1083 968; x_wconf 90' lang='lat' dir='ltr'>me</span> <span class='ocrx_word' id='word_1_147' title='bbox 1106 906 1316 988; x_wconf 85' lang='lat' dir='ltr'>poeuiteutem</span> 
     </span>
     <span class='ocr_line' id='line_1_43' title="bbox 923 1007 1254 1092; baseline -0.009 -18"><span class='ocrx_word' id='word_1_148' title='bbox 923 1014 959 1074; x_wconf 89' lang='lat' dir='ltr'>ut</span> <span class='ocrx_word' id='word_1_149' title='bbox 980 1008 1137 1092; x_wconf 89' lang='lat' dir='ltr'>pupillam</span> <span class='ocrx_word' id='word_1_150' title='bbox 1160 1007 1254 1088; x_wconf 89' lang='lat' dir='ltr'>oculi,</span> 
     </span>
    </p>
   </div>
   <div class='ocr_carea' id='block_1_9' title="bbox 880 1219 1512 1821">
    <p class='ocr_par' dir='ltr' id='par_1_14' title="bbox 880 1219 1512 1821">
     <span class='ocr_line' id='line_1_44' title="bbox 880 1219 1335 1303; baseline -0.009 -16"><span class='ocrx_word' id='word_1_151' title='bbox 880 1221 977 1303; x_wconf 84' lang='lat' dir='ltr'>Jesu,</span> <span class='ocrx_word' id='word_1_152' title='bbox 999 1221 1106 1284; x_wconf 90' lang='lat' dir='ltr'>lumen</span> <span class='ocrx_word' id='word_1_153' title='bbox 1130 1219 1184 1283; x_wconf 90' lang='lat' dir='ltr'>dei</span> <span class='ocrx_word' id='word_1_154' title='bbox 1206 1239 1335 1302; x_wconf 89' lang='lat' dir='ltr'>verum,</span> 
     </span>
     <span class='ocr_line' id='line_1_45' title="bbox 881 1324 1512 1407; baseline -0.006 -16"><span class='ocrx_word' id='word_1_155' title='bbox 881 1333 967 1407; x_wconf 76' lang='lat' dir='ltr'>ave,¹</span> <span class='ocrx_word' id='word_1_156' title='bbox 982 1343 1102 1407; x_wconf 86' lang='lat' dir='ltr'>corpus</span> <span class='ocrx_word' id='word_1_157' title='bbox 1125 1333 1160 1389; x_wconf 92' lang='lat' dir='ltr'>tu</span> <span class='ocrx_word' id='word_1_158' title='bbox 1179 1325 1339 1389; x_wconf 89' lang='lat' dir='ltr'>sincerum</span> <span class='ocrx_word' id='word_1_159' title='bbox 1446 1324 1512 1388; x_wconf 83' lang='lat'>380</span> 
     </span>
     <span class='ocr_line' id='line_1_46' title="bbox 924 1428 1335 1509; baseline -0.005 -15"><span class='ocrx_word' id='word_1_160' title='bbox 924 1434 1046 1494; x_wconf 87' lang='lat' dir='ltr'>nostras</span> <span class='ocrx_word' id='word_1_161' title='bbox 1069 1447 1105 1493; x_wconf 89' lang='lat' dir='ltr'>es</span> <span class='ocrx_word' id='word_1_162' title='bbox 1129 1428 1335 1509; x_wconf 83' lang='lat' dir='ltr'>substantiae3</span> 
     </span>
     <span class='ocr_line' id='line_1_47' title="bbox 880 1529 1458 1616; baseline -0.007 -18"><span class='ocrx_word' id='word_1_163' title='bbox 880 1529 968 1598; x_wconf 84' lang='lat' dir='ltr'>Adae</span> <span class='ocrx_word' id='word_1_164' title='bbox 990 1532 1132 1616; x_wconf 90' lang='lat' dir='ltr'>eulpam,</span> <span class='ocrx_word' id='word_1_165' title='bbox 1158 1551 1251 1613; x_wconf 91' lang='lat' dir='ltr'>quem</span> <span class='ocrx_word' id='word_1_166' title='bbox 1273 1529 1458 1614; x_wconf 83' lang='lat' dir='ltr'>plasmasti,</span> 
     </span>
     <span class='ocr_line' id='line_1_48' title="bbox 881 1634 1278 1718; baseline -0.008 -17"><span class='ocrx_word' id='word_1_167' title='bbox 881 1643 917 1701; x_wconf 82' lang='lat' dir='ltr'>tu</span> <span class='ocrx_word' id='word_1_168' title='bbox 937 1634 971 1698; x_wconf 92' lang='lat' dir='ltr'>in</span> <span class='ocrx_word' id='word_1_169' title='bbox 994 1654 1091 1701; x_wconf 88' lang='lat' dir='ltr'>cruce</span> <span class='ocrx_word' id='word_1_170' title='bbox 1114 1635 1278 1718; x_wconf 89' lang='lat' dir='ltr'>reparasti</span> 
     </span>
     <span class='ocr_line' id='line_1_49' title="bbox 923 1739 1265 1821; baseline 0.003 -20"><span class='ocrx_word' id='word_1_171' title='bbox 923 1739 1070 1820; x_wconf 89' lang='lat' dir='ltr'>pretioso</span> <span class='ocrx_word' id='word_1_172' title='bbox 1092 1739 1265 1821; x_wconf 84' lang='lat' dir='ltr'>sanguine.¹</span> 
     </span>
    </p>
   </div>
   <div class='ocr_carea' id='block_1_10' title="bbox 880 1945 1509 2348">
    <p class='ocr_par' dir='ltr' id='par_1_15' title="bbox 880 1945 1509 2034">
     <span class='ocr_line' id='line_1_50' title="bbox 880 1945 1509 2034; baseline 0.002 -17"><span class='ocrx_word' id='word_1_173' title='bbox 880 1952 972 2034; x_wconf 81' lang='lat' dir='ltr'>Jeso,</span> <span class='ocrx_word' id='word_1_174' title='bbox 994 1952 1134 2021; x_wconf 66' lang='lat' dir='ltr'>solemur</span> <span class='ocrx_word' id='word_1_175' title='bbox 1155 1953 1274 2033; x_wconf 76' lang='lat' dir='ltr'>secuti,</span> <span class='ocrx_word' id='word_1_176' title='bbox 1442 1945 1509 2021; x_wconf 83' lang='lat'>385</span> 
     </span>
    </p>

    <p class='ocr_par' dir='ltr' id='par_1_16' title="bbox 882 2055 1327 2242">
     <span class='ocr_line' id='line_1_51' title="bbox 882 2055 1319 2141; baseline 0.002 -21"><span class='ocrx_word' id='word_1_177' title='bbox 882 2055 925 2120; x_wconf 90' lang='lat' dir='ltr'>ad</span> <span class='ocrx_word' id='word_1_178' title='bbox 947 2064 981 2121; x_wconf 92' lang='lat' dir='ltr'>te</span> <span class='ocrx_word' id='word_1_179' title='bbox 1004 2057 1167 2140; x_wconf 88' lang='lat' dir='ltr'>suspirant</span> <span class='ocrx_word' id='word_1_180' title='bbox 1189 2057 1319 2141; x_wconf 84' lang='lat' dir='ltr'>parvuli</span> 
     </span>
     <span class='ocr_line' id='line_1_52' title="bbox 925 2161 1327 2242; baseline 0.007 -18"><span class='ocrx_word' id='word_1_181' title='bbox 925 2168 1093 2242; x_wconf 81' lang='lat' dir='ltr'>gementes</span> <span class='ocrx_word' id='word_1_182' title='bbox 1116 2167 1150 2226; x_wconf 90' lang='lat' dir='ltr'>et</span> <span class='ocrx_word' id='word_1_183' title='bbox 1169 2161 1327 2228; x_wconf 84' lang='lat' dir='ltr'>dicentes:</span> 
     </span>
    </p>

    <p class='ocr_par' dir='ltr' id='par_1_17' title="bbox 881 2263 1348 2348">
     <span class='ocr_line' id='line_1_53' title="bbox 881 2263 1348 2348; baseline 0.002 -20"><span class='ocrx_word' id='word_1_184' title='bbox 881 2265 992 2346; x_wconf 88' lang='lat' dir='ltr'>nobis,</span> <span class='ocrx_word' id='word_1_185' title='bbox 1014 2263 1111 2348; x_wconf 86' lang='lat' dir='ltr'>Jesu,</span> <span class='ocrx_word' id='word_1_186' title='bbox 1134 2266 1348 2348; x_wconf 89' lang='lat' dir='ltr'>psallentibus</span> 
     </span>
    </p>
   </div>
   <div class='ocr_carea' id='block_1_11' title="bbox 824 2366 1270 2451">
    <p class='ocr_par' dir='ltr' id='par_1_18' title="bbox 824 2366 1270 2451">
     <span class='ocr_line' id='line_1_54' title="bbox 824 2366 1270 2451; baseline 0.004 -22"><span class='ocrx_word' id='word_1_187' title='bbox 824 2415 827 2418; x_wconf 85' lang='lat'>-</span> <span class='ocrx_word' id='word_1_188' title='bbox 882 2366 999 2430; x_wconf 89' lang='lat' dir='ltr'>assiste</span> <span class='ocrx_word' id='word_1_189' title='bbox 1017 2367 1270 2451; x_wconf 89' lang='lat' dir='ltr'>postulantibus,</span> 
     </span>
    </p>
   </div>
   <div class='ocr_carea' id='block_1_12' title="bbox 925 2470 1511 2538">
    <p class='ocr_par' dir='ltr' id='par_1_19' title="bbox 925 2470 1511 2538">
     <span class='ocr_line' id='line_1_55' title="bbox 925 2470 1511 2538; baseline 0.009 -5"><span class='ocrx_word' id='word_1_190' title='bbox 925 2475 959 2533; x_wconf 89' lang='lat' dir='ltr'>et</span> <span class='ocrx_word' id='word_1_191' title='bbox 981 2470 1040 2536; x_wconf 93' lang='lat' dir='ltr'>tibi</span> <span class='ocrx_word' id='word_1_192' title='bbox 1061 2471 1252 2536; x_wconf 87' lang='lat' dir='ltr'>servientes.</span> <span class='ocrx_word' id='word_1_193' title='bbox 1444 2474 1511 2538; x_wconf 80' lang='lat'>390</span> 
     </span>
    </p>
   </div>
   <div class='ocr_carea' id='block_1_13' title="bbox 880 2680 1379 3064">
    <p class='ocr_par' dir='ltr' id='par_1_20' title="bbox 880 2680 1335 2871">
     <span class='ocr_line' id='line_1_56' title="bbox 880 2680 1335 2770; baseline 0.013 -23"><span class='ocrx_word' id='word_1_194' title='bbox 880 2680 974 2765; x_wconf 85' lang='lat' dir='ltr'>Jesu,</span> <span class='ocrx_word' id='word_1_195' title='bbox 997 2682 1054 2747; x_wconf 86' lang='lat' dir='ltr'>lux</span> <span class='ocrx_word' id='word_1_196' title='bbox 1075 2684 1157 2750; x_wconf 89' lang='lat' dir='ltr'>lucis</span> <span class='ocrx_word' id='word_1_197' title='bbox 1181 2705 1294 2770; x_wconf 83' lang='lat' dir='ltr'>aurea,</span> <span class='ocrx_word' id='word_1_198' title='bbox 1333 2735 1335 2739; x_wconf 29' lang='grc' dir='ltr'>ψ</span> 
     </span>
     <span class='ocr_line' id='line_1_57' title="bbox 880 2787 1290 2871; baseline 0.01 -23"><span class='ocrx_word' id='word_1_199' title='bbox 880 2802 940 2849; x_wconf 90' lang='lat' dir='ltr'>nos</span> <span class='ocrx_word' id='word_1_200' title='bbox 964 2804 984 2848; x_wconf 92' lang='lat' dir='ltr'>a</span> <span class='ocrx_word' id='word_1_201' title='bbox 1005 2787 1149 2868; x_wconf 83' lang='lat' dir='ltr'>peccatis</span> <span class='ocrx_word' id='word_1_202' title='bbox 1171 2788 1290 2871; x_wconf 88' lang='lat' dir='ltr'>libera,</span> 
     </span>
    </p>

    <p class='ocr_par' dir='ltr' id='par_1_21' title="bbox 880 2890 1379 3064">
     <span class='ocr_line' id='line_1_58' title="bbox 887 2890 1327 2974; baseline 0.009 -22"><span class='ocrx_word' id='word_1_203' title='bbox 887 2935 890 2942; x_wconf 64' lang='grc'><strong><em>»</em></strong></span> <span class='ocrx_word' id='word_1_204' title='bbox 915 2890 1040 2971; x_wconf 57' lang='lat' dir='ltr'>»quibus</span> <span class='ocrx_word' id='word_1_205' title='bbox 1063 2897 1095 2954; x_wconf 93' lang='lat' dir='ltr'>te</span> <span class='ocrx_word' id='word_1_206' title='bbox 1112 2891 1309 2956; x_wconf 86' lang='lat' dir='ltr'>offendimus</span> <span class='ocrx_word' id='word_1_207' title='bbox 1316 2913 1327 2974; x_wconf 78' lang='lat'>3</span> 
     </span>
     <span class='ocr_line' id='line_1_59' title="bbox 880 2994 1379 3064; baseline 0.014 -7"><span class='ocrx_word' id='word_1_208' title='bbox 880 2994 954 3058; x_wconf 84' lang='lat' dir='ltr'>baec</span> <span class='ocrx_word' id='word_1_209' title='bbox 973 2995 1032 3060; x_wconf 82' lang='lat' dir='ltr'>lux·</span> <span class='ocrx_word' id='word_1_210' title='bbox 1055 3013 1205 3061; x_wconf 89' lang='lat' dir='ltr'>serenum</span> <span class='ocrx_word' id='word_1_211' title='bbox 1230 2999 1379 3064; x_wconf 88' lang='lat' dir='ltr'>conferat</span> 
     </span>
    </p>
   </div>
   <div class='ocr_carea' id='block_1_14' title="bbox 820 3101 1511 3184">
    <p class='ocr_par' dir='ltr' id='par_1_22' title="bbox 820 3101 1511 3184">
     <span class='ocr_line' id='line_1_60' title="bbox 820 3101 1511 3184; baseline 0.006 -23"><span class='ocrx_word' id='word_1_212' title='bbox 820 3143 826 3150; x_wconf 83' lang='lat'><em>-</em></span> <span class='ocrx_word' id='word_1_213' title='bbox 881 3104 915 3162; x_wconf 90' lang='lat' dir='ltr'>et</span> <span class='ocrx_word' id='word_1_214' title='bbox 935 3117 1065 3182; x_wconf 85' lang='lat' dir='ltr'>poenam</span> <span class='ocrx_word' id='word_1_215' title='bbox 1088 3101 1194 3184; x_wconf 85' lang='lat' dir='ltr'>cnlpae</span> <span class='ocrx_word' id='word_1_216' title='bbox 1217 3101 1344 3166; x_wconf 83' lang='lat' dir='ltr'>auferat</span> <span class='ocrx_word' id='word_1_217' title='bbox 1444 3103 1511 3168; x_wconf 81' lang='lat'>395</span> 
     </span>
    </p>
   </div>
   <div class='ocr_carea' id='block_1_15' title="bbox 923 3201 1358 3284">
    <p class='ocr_par' dir='ltr' id='par_1_23' title="bbox 923 3201 1358 3284">
     <span class='ocr_line' id='line_1_61' title="bbox 923 3201 1358 3284; baseline 0.011 -21"><span class='ocrx_word' id='word_1_218' title='bbox 923 3201 1034 3284; x_wconf 91' lang='lat' dir='ltr'>nobis,</span> <span class='ocrx_word' id='word_1_219' title='bbox 1059 3221 1161 3283; x_wconf 83' lang='lat' dir='ltr'>quam·</span> <span class='ocrx_word' id='word_1_220' title='bbox 1175 3203 1358 3268; x_wconf 86' lang='lat' dir='ltr'>meruimus.</span> 
     </span>
    </p>
   </div>
   <div class='ocr_carea' id='block_1_16' title="bbox 875 3417 1508 4020">
    <p class='ocr_par' dir='ltr' id='par_1_24' title="bbox 879 3417 1347 3608">
     <span class='ocr_line' id='line_1_62' title="bbox 879 3417 1302 3504; baseline 0.009 -24"><span class='ocrx_word' id='word_1_221' title='bbox 879 3417 961 3486; x_wconf 60' lang='lat' dir='ltr'>,lesu</span> <span class='ocrx_word' id='word_1_222' title='bbox 982 3419 1067 3490; x_wconf 85' lang='lat' dir='ltr'>mitis</span> <span class='ocrx_word' id='word_1_223' title='bbox 1089 3427 1123 3484; x_wconf 86' lang='lat' dir='ltr'>et</span> <span class='ocrx_word' id='word_1_224' title='bbox 1144 3421 1302 3504; x_wconf 83' lang='lat' dir='ltr'>benigne,</span> 
     </span>
     <span class='ocr_line' id='line_1_63' title="bbox 879 3525 1347 3608; baseline 0.006 -23"><span class='ocrx_word' id='word_1_225' title='bbox 879 3539 996 3586; x_wconf 86' lang='lat' dir='ltr'>nomen</span> <span class='ocrx_word' id='word_1_226' title='bbox 1019 3531 1107 3590; x_wconf 86' lang='lat' dir='ltr'>tuum</span> <span class='ocrx_word' id='word_1_227' title='bbox 1131 3532 1181 3587; x_wconf 89' lang='lat' dir='ltr'>cst</span> <span class='ocrx_word' id='word_1_228' title='bbox 1202 3525 1347 3608; x_wconf 82' lang='lat' dir='ltr'>insigne,</span> 
     </span>
    </p>

    <p class='ocr_par' dir='ltr' id='par_1_25' title="bbox 875 3625 1508 3904">
     <span class='ocr_line' id='line_1_64' title="bbox 924 3625 1452 3692; baseline 0.004 -4"><span class='ocrx_word' id='word_1_229' title='bbox 924 3625 1018 3691; x_wconf 84' lang='lat' dir='ltr'>dulce</span> <span class='ocrx_word' id='word_1_230' title='bbox 1041 3634 1075 3690; x_wconf 89' lang='lat' dir='ltr'>et</span> <span class='ocrx_word' id='word_1_231' title='bbox 1093 3625 1287 3692; x_wconf 87' lang='lat' dir='ltr'>salvificum:</span> <span class='ocrx_word' id='word_1_232' title='bbox 1450 3685 1452 3690; x_wconf 89' lang='lat'><em>.</em></span> 
     </span>
     <span class='ocr_line' id='line_1_65' title="bbox 878 3729 1508 3810; baseline 0.01 -20"><span class='ocrx_word' id='word_1_233' title='bbox 878 3746 984 3791; x_wconf 91' lang='lat' dir='ltr'>meum</span> <span class='ocrx_word' id='word_1_234' title='bbox 1006 3747 1120 3792; x_wconf 87' lang='lat' dir='ltr'>verum</span> <span class='ocrx_word' id='word_1_235' title='bbox 1141 3729 1182 3792; x_wconf 87' lang='lat' dir='ltr'>ad</span> <span class='ocrx_word' id='word_1_236' title='bbox 1206 3730 1387 3810; x_wconf 82' lang='lat' dir='ltr'>profectum</span> <span class='ocrx_word' id='word_1_237' title='bbox 1440 3733 1508 3796; x_wconf 80' lang='lat'>400</span> 
     </span>
     <span class='ocr_line' id='line_1_66' title="bbox 875 3831 1311 3904; baseline 0.005 -8"><span class='ocrx_word' id='word_1_238' title='bbox 875 3831 964 3896; x_wconf 91' lang='lat' dir='ltr'>inte</span> <span class='ocrx_word' id='word_1_239' title='bbox 988 3833 1081 3904; x_wconf 88' lang='lat' dir='ltr'>trahe</span> <span class='ocrx_word' id='word_1_240' title='bbox 1105 3842 1138 3896; x_wconf 92' lang='lat' dir='ltr'>et</span> <span class='ocrx_word' id='word_1_241' title='bbox 1161 3834 1311 3898; x_wconf 88' lang='lat' dir='ltr'>affectum</span> 
     </span>
    </p>

    <p class='ocr_par' dir='ltr' id='par_1_26' title="bbox 920 3937 1296 4020">
     <span class='ocr_line' id='line_1_67' title="bbox 920 3937 1296 4020; baseline 0.003 -21"><span class='ocrx_word' id='word_1_242' title='bbox 920 3943 1017 4020; x_wconf 89' lang='lat' dir='ltr'>atque</span> <span class='ocrx_word' id='word_1_243' title='bbox 1040 3937 1095 4002; x_wconf 86' lang='lat' dir='ltr'>fac</span> <span class='ocrx_word' id='word_1_244' title='bbox 1115 3937 1296 4020; x_wconf 88' lang='lat' dir='ltr'>pacificum.</span> 
     </span>
    </p>
   </div>
   <div class='ocr_carea' id='block_1_17' title="bbox 766 4151 1509 4329">
    <p class='ocr_par' dir='ltr' id='par_1_27' title="bbox 766 4151 1509 4329">
     <span class='ocr_line' id='line_1_68' title="bbox 766 4151 1509 4258; baseline 0.003 -35"><span class='ocrx_word' id='word_1_245' title='bbox 766 4195 768 4202; x_wconf 68' lang='lat'>,</span> <span class='ocrx_word' id='word_1_246' title='bbox 829 4199 832 4207; x_wconf 89' lang='lat'>·</span> <span class='ocrx_word' id='word_1_247' title='bbox 877 4155 959 4225; x_wconf 78' lang='lat' dir='ltr'>&#39;Jesu</span> <span class='ocrx_word' id='word_1_248' title='bbox 982 4151 1127 4243; x_wconf 79' lang='lat' dir='ltr'>Christe,</span> <span class='ocrx_word' id='word_1_249' title='bbox 1156 4160 1209 4224; x_wconf 89' lang='lat' dir='ltr'>lac</span> <span class='ocrx_word' id='word_1_250' title='bbox 1231 4179 1282 4223; x_wconf 89' lang='lat' dir='ltr'>me</span> <span class='ocrx_word' id='word_1_251' title='bbox 1306 4159 1440 4244; x_wconf 85' lang='lat' dir='ltr'>fortem,</span> <span class='ocrx_word' id='word_1_252' title='bbox 1500 4159 1509 4258; x_wconf 18' lang='lat' dir='ltr'>&#39;v</span> 
     </span>
     <span class='ocr_line' id='line_1_69' title="bbox 819 4263 1339 4329; baseline 0.004 -3"><span class='ocrx_word' id='word_1_253' title='bbox 819 4305 823 4309; x_wconf 91' lang='lat'><em>-</em></span> <span class='ocrx_word' id='word_1_254' title='bbox 877 4269 914 4327; x_wconf 90' lang='lat' dir='ltr'>ut</span> <span class='ocrx_word' id='word_1_255' title='bbox 934 4263 1074 4329; x_wconf 85' lang='lat' dir='ltr'>libenter</span> <span class='ocrx_word' id='word_1_256' title='bbox 1095 4271 1183 4328; x_wconf 89' lang='lat' dir='ltr'>tuam</span> <span class='ocrx_word' id='word_1_257' title='bbox 1205 4271 1339 4328; x_wconf 89' lang='lat' dir='ltr'>mortem</span> 
     </span>
    </p>
   </div>
   <div class='ocr_carea' id='block_1_18' title="bbox 876 4358 1514 4660">
    <p class='ocr_par' dir='ltr' id='par_1_28' title="bbox 876 4358 1514 4660">
     <span class='ocr_line' id='line_1_70' title="bbox 921 4358 1510 4452; baseline -0.007 -19"><span class='ocrx_word' id='word_1_258' title='bbox 921 4368 1091 4451; x_wconf 82' lang='lat' dir='ltr'>plangam,</span> <span class='ocrx_word' id='word_1_259' title='bbox 1118 4368 1375 4452; x_wconf 73' lang='lat' dir='ltr'>donec&#39;vixer03</span> <span class='ocrx_word' id='word_1_260' title='bbox 1404 4358 1408 4364; x_wconf 78' lang='grc'><strong>’</strong></span> <span class='ocrx_word' id='word_1_261' title='bbox 1441 4373 1510 4438; x_wconf 83' lang='grc'>405</span> 
     </span>
     <span class='ocr_line' id='line_1_71' title="bbox 876 4469 1509 4555; baseline -0.013 -18"><span class='ocrx_word' id='word_1_262' title='bbox 876 4479 984 4537; x_wconf 90' lang='lat' dir='ltr'>tecum</span> <span class='ocrx_word' id='word_1_263' title='bbox 1006 4473 1087 4536; x_wconf 89' lang='lat' dir='ltr'>volo</span> <span class='ocrx_word' id='word_1_264' title='bbox 1103 4473 1288 4555; x_wconf 84' lang='lat' dir='ltr'>vulnerari,</span> <span class='ocrx_word' id='word_1_265' title='bbox 1410 4513 1413 4518; x_wconf 79' lang='lat'>·</span> <span class='ocrx_word' id='word_1_266' title='bbox 1483 4469 1509 4520; x_wconf 55' lang='grc' dir='ltr'>’ἰ</span> 
     </span>
     <span class='ocr_line' id='line_1_72' title="bbox 877 4576 1514 4660; baseline -0.022 -19"><span class='ocrx_word' id='word_1_267' title='bbox 877 4583 912 4640; x_wconf 89' lang='lat' dir='ltr'>te</span> <span class='ocrx_word' id='word_1_268' title='bbox 934 4576 1074 4641; x_wconf 91' lang='lat' dir='ltr'>libenter</span> <span class='ocrx_word' id='word_1_269' title='bbox 1096 4577 1307 4660; x_wconf 54' lang='lat' dir='ltr'>amplexari,</span> <span class='ocrx_word' id='word_1_270' title='bbox 1470 4633 1473 4640; x_wconf 65' lang='grc'><em>,</em></span> <span class='ocrx_word' id='word_1_271' title='bbox 1506 4591 1514 4627; x_wconf 87' lang='grc'>,-</span> 
     </span>
    </p>
   </div>
   <div class='ocr_carea' id='block_1_19' title="bbox 775 4672 1400 4754">
    <p class='ocr_par' dir='ltr' id='par_1_29' title="bbox 775 4672 1462 4754">
     <span class='ocr_line' id='line_1_73' title="bbox 775 4672 1400 4754; baseline 0.009 -10"><span class='ocrx_word' id='word_1_272' title='bbox 775 4717 777 4720; x_wconf 92' lang='grc'>-</span> <span class='ocrx_word' id='word_1_273' title='bbox 889 4719 891 4728; x_wconf 56' lang='lat'><em>2</em></span> <span class='ocrx_word' id='word_1_274' title='bbox 918 4679 956 4746; x_wconf 82' lang='lat' dir='ltr'>iu</span> <span class='ocrx_word' id='word_1_275' title='bbox 978 4698 1075 4748; x_wconf 86' lang='lat' dir='ltr'>cruce</span> <span class='ocrx_word' id='word_1_276' title='bbox 1098 4672 1285 4754; x_wconf 75' lang='lat' dir='ltr'>desidua?</span> <span class='ocrx_word' id='word_1_277' title='bbox 1314 4729 1315 4732; x_wconf 20' lang='grc' dir='ltr'><strong>κ</strong></span> <span class='ocrx_word' id='word_1_278' title='bbox 1394 4741 1400 4751; x_wconf 88' lang='grc'><strong>.</strong></span> 
     </span>
    </p>
   </div>
   <div class='ocr_carea' id='block_1_20' title="bbox 0 0 1668 5358">
    <p class='ocr_par' dir='ltr' id='par_1_30' title="bbox 0 0 1668 5358">
     <span class='ocr_line' id='line_1_74' title="bbox 0 0 1668 5358; baseline 0 0"><span class='ocrx_word' id='word_1_279' title='bbox 0 0 1668 5358; x_wconf 95' lang='lat' dir='ltr'> </span> 
     </span>
    </p>
   </div>
  </div>
 </body>
</html>
