3312 5366
393 531 483 590 astra
501 473 655 610 joeuddis
675 517 792 591 eoelmt
812 523 989 592 luminariis

394 631 495 712 cingit
516 649 577 713 per
599 647 693 694 omne
716 629 816 695 deous
837 631 1013 715 radiantia,

397 734 530 800 distillat
552 739 610 800 adr
630 734 848 801 balsamorum
870 738 1022 819 guttulas.

391 893 502 978 Ortus,
526 913 676 978 oeoasus,
700 895 824 980 aquilo,
847 895 1049 980 septentrion

389 999 565 1082 tellusque,
588 1006 722 1083 pontus,
745 999 859 1064 ooeaui
881 999 998 1063 limites

389 1103 463 1186 lati,
485 1103 634 1187 polorum
652 1089 791 1187 jubilate
815 1103 980 1186 nardines,

390 1205 497 1270 sontes
519 1225 689 1288 aquarum,
712 1205 843 1270 flumina
864 1207 1024 1290 labentia,

390 1309 544 1394 plaudete
566 1331 662 1376 manu
684 1305 837 1375 mentium
859 1312 1033 1377 eacumina.

389 1474 539 1544 Surrexit
561 1478 644 1542 anim
667 1475 814 1542 domiuus
836 1479 878 1545 ab
900 1477 1026 1560 inieris,

390 1581 521 1646 demota
542 1587 647 1644 morte
670 1599 743 1644 eum
765 1579 927 1664 triumpho
949 1579 1060 1664 rediit,

388 1685 496 1750 vietor
517 1684 659 1766 iniquum
683 1683 836 1766 spoliavit
858 1689 1030 1766 tartarum,
1150 1705 1153 1712 ·

390 1789 532 1854 elaustra
554 1785 716 1870 gehennae
737 1785 838 1870 fregit
859 1793 894 1878 et
916 1786 1159 1872 cyrographum

387 1892 499 1956 mortis
523 1907 638 1957 eruore
661 1889 755 1955 diluit
776 1888 918 1954 rosifluo.
1064 1903 1069 1912 ·

392 2048 452 2114 Sol
476 2069 584 2114 reema
605 2049 730 2131 muudi,
754 2047 854 2113 deeus
878 2049 952 2114 eoeli
974 2049 1113 2134 rutilum,

390 2154 507 2218 delusit
530 2171 624 2216 omne
646 2153 800 2216 saeeulum
823 2151 981 2234 meridiae,

388 2259 470 2323 texit
491 2257 662 2340 globorum
682 2255 851 2340 lampades
873 2255 1051 2338 trigridae,

388 2362 505 2427 ooelum
526 2361 677 2442 tabescit,
700 2367 790 2424 terra
811 2366 908 2424 noete
930 2360 1078 2442 territm,

388 2465 515 2546 languit
538 2463 626 2528 orbis
650 2460 781 2528 obsidum
804 2461 953 2543 ealigine.

387 2673 396 2689 .
420 2673 428 2688 .
452 2673 459 2687 .
483 2671 490 2687 .
532 2621 671 2704 (10101
696 2617 1094 2713 100,00000001011100.)

386 2731 495 2794 velum
516 2727 690 2793 rescissum
713 2734 763 2790 est
785 2727 897 2810 templi
919 2744 994 2790 mox
1016 2747 1077 2811 per
1099 2727 1254 2815 medium,

387 2833 475 2898 fissae
498 2831 616 2897 deinde
638 2838 813 2914 patuerunt
831 2831 977 2912 0111000,ι

385 2938 486 3002 multa
508 2937 633 3019 piorum
656 2950 797 3016 corpora
819 2940 1029 2997 surrexerant

389 3039 430 3104 de
453 3035 823 3120 monumentis,'dudum
846 3037 900 3118 qui
923 3035 1128 3106 dormierant.

390 3194 434 3262 Ut
456 3197 536 3261 vidit
560 3199 675 3283 anguis
697 3199 892 3262 immolatum
914 3215 1054 3282 vespere

390 3303 537 3384 eorporis
560 3301 636 3366 almi
658 3295 804 3380 sanctum
826 3299 1034 3384 sacrificium,

388 3405 475 3488 quod
496 3419 590 3472 mane
613 3407 729 3472 eoelnm
751 3405 892 3488 replevit
911 3403 1080 3491 odoribus,
1133 3483 1137 3488 Α
1262 3439 1264 3442 -

390 3509 504 3590 dolore
526 3510 626 3574 multo
649 3509 778 3574 saueius
800 3507 976 3591 increpuit,

384 3613 555 3696 paruulsus
578 3613 656 3694 agni
676 3612 834 3676 mansueti
855 3611 999 3699 uulnere.

384 3764 475 3831 Vidit
495 3768 529 3832 in
552 3788 611 3834 ara
632 3787 760 3836 sauram
782 3770 887 3836 erneis
909 3771 1039 3853 ostiam,
1105 3751 1108 3758 ¹

384 3872 859 3958 sangninisundam,latiee1'n
882 3873 922 3936 de
945 3874 1050 3936 latere

386 3983 499 4040 saneto
522 3976 652 4061 fluente,
675 3979 787 4042 saeouli
809 3979 864 4062 qui
886 3977 1019 4040 erimina

385 4079 502 4161 abluit,
526 4081 760 4165 altamaradisi
782 4080 902 4164 gaudia

385 4181 463 4246 data
485 4183 619 4268 latroni,
638 4186 760 4250 fruetus
783 4184 868 4250 eolla
894 4181 1009 4246 sibilat.

382 4337 478 4406 Felix
500 4341 627 4408 refulsit
648 4343 753 4408 tristia
774 4349 850 4428 post
876 4343 1013 4408 sabbata

383 4444 437 4511 die
460 4465 578 4512 sereno
600 4448 799 4531 perlustrata
820 4446 955 4528 lumine,

387 4567 461 4633 qnae
484 4551 555 4616 0010
578 4553 701 4618 eunetis
723 4552 902 4618 antefertur
925 4550 1058 4631 diebus,

381 4654 415 4719 in
439 4675 502 4739 qua
524 4657 713 4741 redemptor
734 4657 875 4722 surrexit
893 4677 913 4720 0
934 4657 1069 4720 mortuis

380 4759 499 4826 mundo
523 4765 665 4848 superbo
688 4768 842 4848 superato
863 4761 1020 4846 prinoipe.
