3280 5358
212 273 261 340 31

307 457 340 514 V.
359 460 382 512 1.
399 459 425 512 2.
442 457 467 516 11.
494 456 623 516 dinem·
641 455 740 512 similis
758 455 859 524 naui,
878 457 995 528 aqualis
1013 458 1103 529 patri,
1121 457 1296 514 dinmdrtom
1313 459 1526 530 9999991119-

216 558 301 602 mana
328 543 469 614 submisit,
495 542 694 602 humanitatem
722 559 810 614 usque
830 543 871 598 ad
895 544 992 600 divina
1014 546 1151 615 provexit
1186 547 1266 604 1999.
1284 561 1321 602 aa
1345 561 1427 604 sem
1449 550 1476 618 3,
1495 551 1524 608 9.

215 632 311 688 mundi
327 632 383 686 ima
398 631 499 702 petivit
516 631 605 686 1191991
621 629 650 684 in
668 629 722 686 den
739 630 857 686 dienien
874 630 1063 702 regelmiseig
1081 631 1292 708 copemdflaoec.
1315 633 1380 691 ren
1399 637 1424 690 d.

305 719 338 776 V.
356 721 398 773 15.
417 719 458 773 16.
488 718 539 773 Die
562 719 679 776 Menien
706 718 765 774 Oct
789 718 814 771 la
838 717 963 772 drdcken
986 717 1046 773 dies
1070 735 1103 776 so
1127 735 1192 775 ans:
1225 721 1309 784 θείας
1335 719 1445 792 φύσεως
1471 717 1524 778 oda

219 805 365 882 ἐχωρίσθη
380 801 454 882 σὰρξ
466 803 619 881 γενόμενος,
637 803 708 862 dett
724 805 797 870 θεὸς
813 803 1035 882 ἐνανθρωπήσας
1050 811 1188 881 μεμένηκε.

307 895 341 951 V.
358 897 401 950 17.
436 895 597 967 contagium
623 893 671 954 fin
695 895 842 952 iirbsiindo
867 897 919 952 bat
944 898 1017 952 aucb
1044 898 1096 954 das
1125 897 1274 968 ponam
1300 898 1451 956 Heubwb
1475 900 1525 958 bei

216 985 342 1042 timeus
358 983 453 1053 liturg.
471 981 541 1040 caii
559 998 585 1054 p.
602 983 664 1037 aar.
1455 974 1461 986 '

309 1071 342 1126 V.
359 1072 401 1126 85.
428 1071 508 1126 Weil
526 1071 577 1126 das
595 1069 685 1126 Wort
703 1069 840 1126 redemtio
865 1070 902 1124 im
919 1071 1070 1144 Ursprung
1087 1073 1132 1128 eiu
1149 1067 1397 1130 keufminniseber
1413 1073 1528 1148 Regriff

215 1160 270 1230 ist,
293 1176 327 1215 so
345 1159 421 1215 steht
438 1159 500 1213 hier
518 1157 720 1214 commercium
754 1157 866 1212 Ebcnso
885 1163 952 1230 sagt
969 1159 1080 1214 1119999.
1099 1159 1171 1216 Caret
1190 1159 1263 1216 orat
1280 1163 1321 1214 te.
1345 1177 1411 1218 vom
1429 1161 1523 1218 Krene

217 1248 337 1306 Obristi:
357 1247 461 1319 emptio
479 1245 558 1302 nulla
575 1247 605 1300 in
622 1250 660 1314 19,
678 1245 772 1316 pretia
790 1244 868 1299 nullu
887 1249 952 1300 sunt
968 1249 1080 1316 prote,
1099 1246 1271 1318 appretiatio
1288 1247 1368 1303 nulia
1384 1253 1523 1320 superte.

216 1335 269 1396 1111
291 1336 388 1408 Benug
412 1331 465 1390 eui
485 1333 530 1388 die
553 1331 696 1404 Erldsnng
720 1336 805 1387 nennt
827 1333 968 1403 Augustini
993 1333 1134 1392 onnam
1157 1335 1313 1390 meimet
1333 1335 1418 1392 eirea
1435 1334 1523 1394 119911-

215 1434 315 1494 mnn,
346 1439 370 1478 n.
388 1424 419 1478 B.
437 1437 531 1476 sermo
550 1421 593 1491 81,
612 1423 636 1474 3.
656 1425 786 1476 mortuns
805 1420 1010 1490 9110199199,
1034 1427 1065 1476 ut
1083 1423 1276 1494 compensato
1298 1420 1382 1480 fleret
1399 1424 1522 1484 celestis

219 1512 367 1586 cujusdem
382 1509 562 1566 mercimonii
589 1509 640 1564 919
655 1508 795 1565 1111991999
806 1507 951 1562 brauchen
965 1509 1095 1564 desselbe
1108 1509 1187 1581 Bild‚
1214 1510 1378 1584 πνευματικὴ
1394 1512 1522 1590 ἐμπορία.
1630 1543 1631 1550 κ

218 1603 249 1663 S.
268 1603 398 1673 Cbryeost
419 1616 484 1671 opp.
501 1600 558 1667 ΧΗ,
575 1600 636 1656 399.
660 1599 703 1656 ed
721 1593 911 1656 montfaucon.
942 1597 1006 1669 Vgi
1024 1599 1076 1654 No.
1094 1601 1172 1669 31,’1.

305 1689 338 1744 V.
356 1691 399 1744 93.
428 1685 523 1746 fracta
549 1685 622 1742 nius
649 1685 738 1756 ostia,
766 1682 862 1742 Ἅιδου
887 1683 922 1740 τὰ
950 1686 1068 1762 κλεῖθρα
1095 1686 1134 1758 τῷ
1159 1683 1252 1762 κράτει
1276 1707 1330 1743 ooo
1356 1683 1520 1744 decisiones.
1629 1751 1631 1766 ι

217 1777 356 1846 999913,
374 1777 418 1830 15.

305 1863 339 1918 V.
349 1865 390 1918 93.
404 1864 446 1918 99.
460 1863 525 1917 Dies
537 1864 635 1916 noster
649 1859 776 1915 dominus
788 1857 918 1915 Christus
933 1875 990 1913 non
1006 1855 1076 1914 facit
1091 1875 1228 1915 occasum
1255 1859 1284 1915 S.
1293 1861 1427 1932 depositos·
1440 1878 1522 1918 serm.

218 1952 279 2020 ito,
298 1953 339 2006 10.
366 1951 495 2008 cbristus
508 1949 547 2004 ist
560 1949 610 2004 der
623 1949 686 2019 'dag
700 1947 750 2002 der
763 1945 847 2004 Seele
862 1946 918 2002 und
931 1946 981 2001 der
994 1945 1094 2002 Teusel
1108 1947 1152 2002 die
1166 1949 1264 2003 Nacbt
1281 1947 1346 2020 Vgi
1359 1947 1412 2006 No.
1426 1952 1469 2018 39,
1478 1953 1522 2006 31.

303 2042 336 2097 V.
355 2043 414 2097 193.
433 2043 492 2096 121.
519 2040 595 2096 cives
620 2039 757 2094 caelestes.
791 2038 849 2094 Der
872 2038 1022 2094 Ausdruck
1044 2038 1122 2093 cives
1146 2039 1221 2096 wind
1243 2039 1457 2111 voraugsweise
1474 2037 1523 2094 iiir

216 2129 264 2186 die
280 2129 398 2202 Soligen
416 2130 585 2202 gebraucht‚
609 2125 656 2184 fiir
670 2127 714 2182 die
732 2125 882 2184 bienscben
899 2124 953 2184 aui
965 2125 1059 2182 Erden
1077 2126 1173 2184 exules
1192 2128 1262 2182 oder
1280 2127 1522 2200 peregrinatores,

217 2217 306 2272 daher
330 2223 396 2290 sagt
419 2219 529 2290 (ἕτερον.
553 2216 617 2272 Nat.
640 2220 712 2272 orat
739 2216 774 2269 16
796 2231 824 2290 p.
847 2217 907 2270 252.
932 2231 989 2270 von
1012 2215 1063 2270 der
1087 2215 1229 2270 irdisohen
1252 2215 1309 2268 und
1331 2211 1523 2270 himmlischen
1628 2265 1629 2290 ,

216 2304 388 2378 Wobnung:
416 2301 434 2376 ἡ
452 2304 523 2360 κάτω
542 2302 622 2376 σκηνὴ
640 2307 686 2358 καὶ
710 2299 727 2374 ἦ
747 2300 802 2358 ἅνω
822 2301 901 2367 πόλις
925 2305 953 2358 in
973 2303 1070 2378 Benug
1094 2301 1146 2359 ani
1166 2304 1217 2359 das
1241 2303 1415 2360 himmlischo
1439 2303 1521 2358 Jeru-

216 2391 313 2464 salem,
330 2394 466 2449 wordber
483 2394 512 2446 in
531 2393 584 2448 den
601 2391 729 2463 Hymnen
746 2391 877 2446 manebas
895 2391 1062 2468 vorkommt
1090 2392 1183 2447 Daber
1200 2392 1275 2446 wird
1293 2392 1366 2446 anch
1386 2389 1437 2446 das
1455 2391 1524 2445 irdi·

216 2480 284 2536 sebe
307 2481 402 2535 Leben
426 2481 477 2536 der
500 2479 575 2536 Stall
599 2481 678 2538 einer
700 2481 847 2554 Herberge
871 2488 1008 2554 genannt:
1039 2483 1127 2540 Utere
1150 2481 1266 2550 mundo,
1293 2498 1351 2536 non
1374 2485 1403 2535 te
1429 2479 1525 2551 capiat

216 2569 339 2624 mundus.
367 2569 448 2636 Quod
465 2570 592 2640 intrasti,
616 2570 672 2626 iter
690 2569 767 2642 agis;
798 2571 922 2628 exiturus
940 2571 1056 2640 venisti,
1083 2587 1140 2625 non
1159 2565 1353 2638 remansurus3
1377 2568 1433 2622 iter
1451 2568 1524 2639 agis,

215 2655 358 2710 stabulum
379 2661 424 2711 est
447 2659 508 2712 haec
531 2657 598 2712 vita.
630 2661 733 2732 depost.
752 2657 781 2714 in
799 2675 899 2730 evang.
926 2657 1050 2728 191919,
1070 2661 1110 2714 10.
1147 2654 1212 2722 ὁδὸς
1232 2657 1287 2734 γὰρ
1313 2653 1443 2732 ineptia
1461 2657 1524 2730 βίος

216 2742 283 2798 dont.
309 2745 435 2816 Ctrpsoot.
454 2745 488 2800 do
507 2762 528 2800 s.
546 2745 626 2802 Dros.
645 2750 668 2801 1.
695 2747 825 2818 dometio
841 2745 875 2800 de
890 2761 971 2800 serm.
985 2745 1056 2800 dom.
1071 2749 1095 2814 1,
1113 2748 1155 2800 32.
1173 2745 1202 2802 in
1220 2745 1273 2800 hac
1291 2745 1347 2814 via,
1366 2745 1421 2800 hoc
1435 2749 1479 2798 ost
1491 2743 1523 2798 in

216 2829 271 2885 hac
284 2831 351 2887 vita
370 2833 478 2904 Grepor.
496 2835 531 2888 M.
548 2834 621 2890 hom.
638 2834 668 2888 in
686 2850 729 2888 ev.
747 2836 772 2902 1,
791 2837 816 2902 1,
833 2835 859 2887 3.
895 2832 966 2900 Quid
980 2837 1024 2888 est
1040 2832 1101 2888 vita
1117 2833 1259 2900 mortalis,
1279 2833 1333 2888 nisi
1351 2832 1419 2886 viai
1446 2831 1525 2886 Nihil

218 2917 298 2972 aliud
315 2919 344 2973 in
361 2919 415 2976 hac
432 2921 499 2974 vitae
517 2924 624 2975 nostrae
643 2921 871 2992 peregrinatione
888 2920 1061 2987 meditemur,
1080 2920 1135 2974 nisi
1152 2920 1218 2992 quia
1236 2925 1265 2975 91
1282 2919 1398 2974 hicnon
1412 2934 1525 2990 semper

217 3007 330 3078 erimus,
348 3012 378 3063 et
394 3009 434 3062 ibi
447 3008 529 3062 nobis
543 3007 638 3062 locum
650 3008 722 3062 bene
740 3006 862 3062 vivendo
876 3005 1106 3078 praeparabimus,
1124 3008 1197 3061 unde
1211 3023 1350 3078 nunquam
1363 3005 1525 3078 migremus.

217 3095 349 3168 depectit.
367 3097 396 3151 in
415 3111 514 3168 evang.
532 3095 596 3152 Joh.
615 3097 657 3150 32.
675 3097 692 3162 §
709 3097 735 3149 9.
776 3095 807 3149 ln
823 3087 959 3166 praesenti
977 3095 1037 3150 vita
1060 3095 1141 3166 quasi
1158 3095 1187 3149 in
1205 3095 1252 3150 via
1270 3111 1379 3163 sumus,
1411 3109 1466 3166 que
1483 3093 1522 3149 ad
1629 3141 1630 3148 ,

217 3185 340 3254 patriam
357 3184 509 3256 pergimus.
536 3184 645 3254 Grepor.
663 3185 698 3239 M.
716 3183 789 3240 hom
807 3183 837 3240 in
854 3199 896 3238 ov.
915 3186 940 3252 1,
958 3186 1000 3254 11,
1019 3186 1043 3237 1.

611 3468 672 3542 26.
708 3470 873 3568 Hymnus
900 3467 944 3542 do
973 3465 1128 3542 Christo.

218 3635 267 3702 'l'e
290 3635 419 3702 Christe
441 3637 544 3722 patris
566 3637 665 3704 filium
898 3649 994 3726 pater
1016 3644 1119 3708 verbo
1143 3638 1248 3704 omnia
1271 3657 1402 3720 creans,

219 3741 281 3808 sibi
304 3739 402 3804 credo
425 3748 637 3825 coaeternum,
898 3743 1068 3810 vivificans
1091 3751 1214 3809 cuncta.

218 3846 356 3908 verbum
376 3850 411 3907 et
433 3846 592 3928 sapientia

220 3993 229 4011 ,
253 3997 261 4011 ,
284 3995 291 4010 ,
315 3995 322 4010 ,
344 3949 446 4031 patri,
469 3997 477 4012 ,
500 3998 507 4012 ι
529 3949 605 4014 Μή
897 3903 955 3972 Ad
975 3925 1068 3970 suam
1088 3923 1218 3988 qnoque
1240 3904 1402 3970 hominem

897 4010 975 4074 iecit
997 4009 1077 4074 deus
1098 4010 1285 4092 imaginem,

220 4107 376 4176 Sanctum
398 4133 527 4198 quoque
550 4115 743 4198 paraclitum
824 4114 844 4174 5
898 4113 1023 4178 cunctis
1044 4113 1133 4176 illum
1155 4111 1356 4196 praeficiens,
1481 4112 1526 4174 ts

219 4217 321 4299 patri,
343 4227 434 4301 nato,
457 4228 656 4286 coaeternum
897 4225 933 4284 ut
955 4237 991 4281 se
1013 4217 1117 4282 solum
1138 4225 1227 4284 esset
1249 4217 1368 4280 colens.

218 4320 319 4386 oredo
342 4330 375 4387 et
397 4324 572 4407 confiteor,

217 4425 335 4491 ,mm
357 4434 391 4491 et
412 4447 509 4492 unum
531 4427 700 4492 dom-mm
896 4381 991 4451 Hunc
1013 4383 1173 4468 serpentis
1194 4379 1317 4448 invidia

897 4487 962 4552 heu
985 4485 1106 4572 decipit
1127 4506 1247 4570 prava,

217 4585 370 4656 Personis
394 4589 541 4671 quicum
564 4589 606 4655 sit
627 4589 744 4674 trinuS,
896 4591 1022 4675 pellens
1044 4589 1215 4674 paradiso,

218 4691 339 4758 deitate
361 4692 422 4758 sed
443 4701 494 4760 est
515 4713 606 4761 nnus.
803 4693 843 4760 19
896 4692 1048 4762 tradebat
1070 4709 1198 4778 quoque
1220 4688 1386 4760 barathro.
1482 4687 1526 4752 20
