3312 5366
167 329 233 396 ets

167 533 234 582 non
257 512 412 598 gentilem
434 509 642 591 indirectam,
776 510 795 570 5
849 515 885 573 nt
907 509 966 572 sim
988 509 1073 574 malo
1096 510 1180 576 liber
1201 511 1278 594 igne
1438 515 1477 578 10

166 638 235 686 non
252 617 399 700 judeeam
420 613 658 697 imperfectam,
849 618 884 674 et
905 610 1028 675 intrare
1052 630 1169 692 queam
1187 613 1346 699 thronum,

167 724 374 785 sacramenta
396 733 524 798 quoque
547 712 668 777 Christi
849 713 883 776 in
906 731 969 794 quo
991 731 1128 796 regnas,
1151 733 1306 780 summum
1328 721 1465 802 bonum,

167 821 203 890 iu
224 819 383 884 medelam
406 815 591 899 condidisti,
849 822 960 898 pater,
983 822 1074 897 nate,
1098 835 1225 884 sacrum
1247 819 1381 905 flamen,

168 943 307 1008 quaeque
329 939 467 1002 sumam,
490 919 548 1002 da,
571 925 637 983 tam
660 917 774 1000 digne,
850 934 932 981 unus
955 915 1035 984 deus
1058 935 1202 1002 semper,
1225 940 1328 985 amen.

258 1109 307 1166 us.
330 1125 366 1164 11
388 1106 552 1165 Darmstadt
575 1105 627 1161 No.
646 1105 723 1158 1077.
749 1102 799 1158 des
823 1103 858 1155 15
876 1101 975 1158 lahrh.
1010 1101 1063 1157 liin
1086 1102 1239 1174 gereimtes
1262 1104 1478 1176 strophenloses

167 1198 264 1258 debet
1431 1235 1433 1240 .

256 1319 289 1376 V.
307 1321 332 1374 l.
361 1321 499 1388 Quantum
525 1317 641 1388 quisque
666 1317 742 1369 amet
766 1311 916 1368 ecclesiam
940 1313 1060 1382 Christi,
1092 1317 1200 1369 tantum
1232 1315 1319 1372 habet
1350 1315 1479 1387 spiritum

167 1410 302 1464 sunctum
329 1406 461 1476 lupera
486 1404 514 1457 in
540 1403 784 1478 1111111131.
809 1397 869 1470 08.
905 1401 1042 1473 Spiritum
1069 1401 1115 1456 dei
1141 1419 1198 1458 non
1224 1409 1345 1474 possunt
1371 1403 1479 1458 habere

166 1491 296 1550 haretici
313 1497 344 1547 et
361 1491 519 1562 quicunque
536 1507 567 1546 se
586 1491 622 1546 ab
642 1491 763 1548 ecclesia
780 1489 943 1560 praecidunt
979 1490 1113 1559 loquuta
1130 1490 1159 1544 in
1177 1491 1189 1546 l
1207 1507 1250 1561 ep.
1263 1492 1327 1547 doh
1345 1495 1381 1546 tr.
1395 1492 1421 1560 6,
1436 1491 1478 1544 11.
1564 1565 1567 1568 ¹

256 1578 290 1634 V.
307 1580 401 1634 ls—d.
428 1579 594 1634 Instruenda
621 1584 650 1634 et
674 1577 821 1634 animanda
848 1581 893 1634 est
919 1572 1067 1631 infirmitas
1091 1576 1210 1633 hominis
1235 1579 1371 1633 adversus
1389 1582 1481 1634 tentu-

168 1668 262 1726 01111
281 1670 310 1721 et
328 1666 471 1733 scandala,
491 1666 551 1719 sive
569 1663 643 1721 foris
662 1666 723 1721 sive
741 1667 771 1720 in
788 1666 852 1736 ipsa
870 1665 945 1720 intus
965 1665 1099 1720 ecclesia:
1118 1663 1190 1721 foris
1205 1667 1342 1723 adversus
1356 1667 1480 1740 gentiles

168 1755 218 1810 vel
235 1753 352 1810 Judaeos
369 1753 418 1808 vel
435 1753 601 1823 haereticos,
620 1751 695 1808 intus
714 1757 809 1809 autem
827 1751 964 1808 adversus
982 1767 1058 1807 areae
1072 1753 1219 1812 dominicae
1232 1755 1351 1832 paleam
1375 1757 1480 1828 numa

167 1843 204 1900 de
223 1843 329 1898 catech.
348 1841 407 1896 md
426 1842 467 1895 11.

256 1929 290 1984 V.
307 1930 333 1984 6.
365 1926 415 1985 οὐκ
432 1932 491 1986 ἔστι
511 1927 595 2004 λόγος
613 1932 709 2004 κυρίου
728 1930 767 1983 ἔτι
784 1927 813 1983 ἐν
832 1923 984 1990 'loodufotc¹
1009 1927 1348 1999 Oriqeaohomil10,t.
1383 1923 1481 1994 ὅνοῦς

168 2013 224 2072 τῶν
247 2015 364 2092 γραφῶν
381 2013 458 2092 ἤρθη
477 2013 524 2071 ἀπ’
543 2013 649 2072 αὐτῶν·
681 2012 771 2074 οὐκέτι
789 2013 903 2082 σώζεται
921 2012 1046 2090 διήγησις
1072 2019 1131 2092 παῤ
1149 2013 1242 2080 αὐτοῖς
1259 2015 1354 2090 νομικὴ
1373 2014 1392 2090 ἢ
1408 2037 1480 2096 προ-

168 2103 274 2178 φητικὴ,
293 2101 350 2159 sss
369 2105 438 2162 εἰσιν
457 2101 686 2176 ἀναγινώσκοντες
703 2108 749 2160 καὶ
767 2102 806 2177 μὴ
826 2101 957 2168 νοοῦντες.
993 2105 1083 2172 Ejoso.
1100 2105 1172 2160 hom.
1192 2107 1235 2176 14,
1253 2108 1295 2162 12.

395 2405 479 2481 190.
516 2405 643 2481 Oratio
671 2407 799 2482 devota
823 2407 870 2480 ad
894 2409 1053 2506 spiritum
1079 2417 1247 2482 sanctum.

168 2585 360 2675 septiformi
381 2611 514 2657 munere
849 2605 884 2664 tu
907 2596 966 2661 des
988 2597 1068 2660 felix
1086 2577 1270 2660 incendium

211 2701 312 2777 tange
334 2704 474 2761 mentem
497 2697 685 2783 salubriter,
892 2718 990 2766 urens
1012 2706 1151 2762 mentem
1173 2698 1372 2783 medullitus,

167 2795 314 2864 immunis
337 2821 357 2865 a
380 2802 506 2881 scelere
849 2805 908 2868 des
932 2803 1050 2868 ardens
1071 2803 1268 2866 desiderium

212 2901 267 2983 sit,
291 2919 365 2983 quae
387 2910 475 2968 tacta
497 2904 658 2988 suaviter3
892 2907 1083 2991 inspiratum
1103 2906 1265 2972 divinitus.

166 3019 331 3086 nunquam
353 3015 461 3071 cesset
483 3015 515 3071 te
538 3027 687 3089 quaerere
775 3011 795 3074 5

211 3114 246 3170 et
267 3107 431 3174 inventum
454 3111 624 3178 sinceriter
849 3098 897 3166 TU
917 3099 976 3163 (1⁰⁸
998 3119 1111 3164 veram
1129 3100 1275 3164 laefiiiaffl
1432 3097 1476 3160 25

166 3224 299 3293 semper
322 3222 448 3294 quaerat
471 3215 624 3298 diligere,
893 3201 1127 3266 0⁰flS⁰l³fiV³ffl
1149 3201 1300 3282 tristium,

211 3314 381 3394 quiescens
403 3317 437 3380 jn
459 3324 492 3381 te
515 3317 661 3384 dupoitffi
846 3312 883 3401 tu
905 3303 964 3367 des
987 3302 1108 3368 Christi
1130 3304 1298 3368 scientiam

891 3407 1117 3471 illustrativam
1140 3407 1301 3472 cordium:

166 3499 258 3569 Tene
281 3514 420 3572 mentem
442 3489 576 3573 interius
647 3521 650 3526 ’
848 3509 906 3574 des
928 3495 1097 3578 iminundis
1120 3513 1326 3598 munditiam,

207 3607 241 3671 in
264 3609 386 3676 salubri
410 3613 601 3695 concordia,
753 3616 794 3680 10
889 3614 955 3677 vim
976 3615 1183 3697 purgativam
1205 3615 1364 3698 sordium,
1431 3616 1474 3681 30

164 3707 269 3792 ipsam
291 3711 368 3776 leva
391 3714 539 3796 superius
846 3717 905 3782 des
928 3717 1062 3784 infirmis
1085 3720 1265 3802 potentiam

209 3814 251 3878 ad
273 3835 355 3880 vera
374 3816 427 3881 dei
450 3818 587 3901 gaudia:
889 3822 1121 3886 refrenativam
1139 3824 1264 3888 virium.
1291 3872 1294 3877 .

163 3935 245 3998 rege
268 3918 413 4000 linguam
436 3924 595 4008 exterius,

208 4041 282 4104 quae
304 4027 432 4092 revelat
454 4029 583 4112 eloquia
590 4079 598 4114 7
795 4020 806 4036 ·’
845 4011 884 4078 11
905 4009 983 4074 fletu
1007 4010 1065 4074 des
1090 4011 1240 4076 solatium

162 4141 250 4206 pone
274 4143 388 4193 sensus
410 4130 544 4196 inferius
752 4133 791 4195 15
888 4115 1079 4179 001118110ῐῦ
1102 4115 1299 4200 011Ῑῦ911ῑῦ15,

206 4227 239 4290 in
262 4247 404 4314 superna
423 4235 579 4301 custodia.
843 4218 877 4280 in
895 4224 977 4281 aestu
999 4218 1206 4300 refrigerium
1431 4217 1473 4282 35

888 4319 1098 4383 extinctivum
1122 4319 1272 4384 libidinis.

162 4411 211 4479 'lu
234 4417 278 4481 sis
300 4422 394 4487 nobis
417 4423 594 4505 refugium,
843 4422 876 4486 in
898 4422 985 4488 bello
1009 4421 1067 4486 des
1090 4423 1245 4487 auxilium

205 4519 288 4584 sicut
311 4541 440 4606 semper
464 4542 499 4586 es
522 4525 655 4608 solitus,
886 4525 1090 4608 expulsivum
1113 4525 1309 4608 formidinis,

161 4627 196 4687 11
219 4623 262 4685 sis
284 4630 386 4688 tutum
409 4627 613 4711 praesidium,
686 4633 688 4638 '
841 4631 876 4698 in
898 4649 982 4714 pace
1003 4631 1211 4714 privilegium

204 4724 332 4792 hostem
353 4731 496 4816 repellas
514 4733 658 4819 penitus:
747 4734 790 4798 20
886 4734 1106 4820 regulativum
1128 4733 1275 4811 hominis
1428 4736 1474 4800 10
