3280 5358
209 483 280 554 Nec
293 482 388 568 jussa
404 481 488 565 legis
506 480 616 546 abnuit

209 605 360 668 servare,
380 585 434 668 qui
450 585 557 667 legem
575 579 680 664 dedit,

111 713 112 718 ¹
209 691 285 756 dum
301 690 363 754 n'te
381 685 617 753 circumciditur
791 687 833 751 35

114 831 116 834 -
209 794 326 880 deique
344 791 465 878 templo
484 789 615 853 sistitur.

207 961 265 1030 Ad
282 969 360 1027 vota
377 968 454 1046 post
469 959 654 1042 sollemnia,

209 1087 282 1136 enm
299 1067 355 1132 lux
371 1065 494 1130 rediret
512 1084 634 1146 annua,

208 1187 318 1235 comes
335 1189 418 1253 puer
434 1168 624 1252 parentibus

209 1293 312 1339 sacrae
330 1274 416 1338 subit
432 1274 530 1336 limen
548 1271 671 1336 domus.
742 1341 749 1348 ,
790 1275 833 1338 40

207 1447 407 1516 Doctissimis
425 1448 479 1513 hic
495 1448 643 1532 patribus

206 1555 280 1640 plus
298 1554 369 1636 ipae
388 1551 502 1618 doctus
521 1553 649 1618 additus

206 1675 273 1722 non
292 1675 327 1719 se
347 1656 493 1723 docendo
511 1658 673 1744 praetulit,
715 1741 718 1748 Ι

208 1761 268 1828 scd
286 1759 446 1828 audiendo
468 1759 616 1826 subdidit.

207 1928 384 2004 Lavandus
403 1937 515 1995 auctor
533 1931 651 2013 gratiae
790 1933 832 1998 45

207 2033 305 2102 undae
323 2034 394 2098 sinu
407 2032 590 2116 jordanicae
706 2117 709 2126 γ

209 2137 295 2206 omni
313 2154 428 2208 carens
447 2135 599 2216 contagio

145 2229 150 2252 '
207 2241 394 2306 summissus
413 2248 464 2305 est
482 2241 672 2305 etservnlo.

207 2409 344 2480 Accitus
363 2420 396 2476 et
412 2411 569 2477 conviviis

207 2534 273 2580 non
290 2521 367 2579 nata
384 2515 460 2578 vina
478 2513 596 2598 nuptiis
789 2517 832 2582 50

207 2615 265 2683 illa
282 2616 371 2681 dedit
387 2615 542 2701 potentii,

206 2743 269 2808 per
287 2743 382 2806 quam
401 2723 526 2788 creavit
544 2721 660 2788 omnia

209 2896 353 2975 Quantos
366 2897 514 2982 jubendo
531 2897 703 2981 languidos

208 2999 354 3064 effecerit
372 3000 572 3082 sanissimos,
586 2993 596 3012 ⁰

206 3121 270 3166 nec
287 3121 377 3166 mens
395 3109 505 3186 potest
523 3103 694 3186 evolvere,
791 3107 833 3170 55

207 3223 270 3270 nec
286 3222 354 3269 vox
371 3205 461 3268 valet
478 3203 679 3290 depromere.

208 3379 352 3458 Quantos
371 3381 502 3469 abipso
522 3383 635 3449 funere

207 3487 286 3550 vitae
303 3487 443 3552 referret
459 3489 622 3574 pristine,

206 3591 374 3676 praedatus
392 3591 505 3658 horret
522 3602 680 3676 tartarus,
734 3625 735 3632 ι

208 3695 327 3761 ditatus
345 3697 469 3762 exultat
485 3697 589 3784 polus.
791 3697 832 3763 60

206 3885 369 3970 Numquid
384 3887 568 3973 pedestrem
590 3889 751 3956 tramitem

206 3993 314 4074 pressi
331 3993 428 4058 maris
445 3993 659 4078 pronuntiem,

208 4115 280 4163 cnm
298 4115 334 4162 se
351 4099 476 4164 tonanti
494 4105 655 4164 sterneret

207 4199 322 4268 fluctus
340 4201 498 4286 flatusque
517 4201 676 4270 cederet?

207 4391 318 4471 Quinis
336 4395 480 4458 virorum
498 4393 638 4460 millibus
790 4396 834 4486 05

206 4517 249 4562 ex
268 4497 408 4581 quinque
420 4497 541 4562 victum
558 4497 697 4581 panibus

206 4602 286 4666 satis
305 4619 465 4684 superque
483 4601 639 4686 praebuit,

203 4703 357 4787 augendo
376 4705 462 4788 quod
480 4705 648 4794 superfuit.

870 2412 1117 2482 ·Oommercium
1134 2413 1297 2498 mirabile,

885 475 938 546 nx
954 477 1053 562 plebe
1071 485 1256 544 sanctorm
1273 479 1377 546 trrbus

886 599 997 648 eoram
1013 581 1129 646 locatis
1146 583 1283 647 testibus
1468 585 1512 650 'lb

886 703 922 749 sc
940 683 1177 768 transfigurans
1193 683 1227 762 h
1244 703 1364 752 novam

885 793 921 853 nt
938 786 988 851 sol
1005 785 1132 852 refulsit
1149 787 1295 870 gloriam.

875 941 993 1022 ¹latero
1010 962 1167 1020 vacantes
1183 955 1282 1040 impio
1360 945 1369 962 '

883 1061 1055 1126 eliminans
1072 1059 1167 1126 saort
1185 1062 1282 1126 domo

886 1165 1081 1249 credensque
1099 1166 1212 1248 flagris
1231 1165 1357 1249 asperis
1470 1165 1513 1230 'ld

885 1275 937 1332 est
953 1267 1039 1334 ultus
1058 1267 1214 1335 offensam
1231 1267 1343 1352 patris.

884 1437 945 1506 Est
961 1439 1037 1504 inde
1055 1457 1155 1524 passa
1172 1440 1361 1506 scandalum

884 1562 975 1608 mens
992 1544 1174 1610 invidorum
1195 1544 1377 1628 principum

884 1647 980 1712 morti
998 1647 1130 1711 studens
1148 1647 1235 1712 hunc
1252 1647 1402 1730 tradere,

886 1751 941 1834 qui
958 1758 1095 1816 venerat
1112 1751 1214 1816 vitam
1233 1749 1322 1816 dare.
1469 1751 1512 1818 80
1630 1781 1631 1808 ι

885 1927 975 1994 Τιιιιο
989 1927 1132 2012 judicari
1148 1927 1306 2013 praetulit,

885 2053 980 2116 quem
992 2032 1137 2118 judicem
1155 2032 1291 2098 mundus
1309 2031 1432 2117 tremit,

817 2207 819 2216 ,
885 2146 983 2220 caput
997 2138 1130 2220 ¹subegit
1147 2139 1307 2220 sentibus,

883 2241 1007 2308 vultum
1025 2249 1191 2326 sputorum
1209 2242 1368 2308 sordibus.

1462 2415 1511 2482 85

885 2539 994 2587 rerum
1013 2520 1101 2604 quod
1112 2527 1234 2588 ¹auctor
1251 2521 1285 2585 in
1304 2537 1401 2586 cruce

885 2624 970 2690 ultro
988 2624 1103 2688 volens
1121 2629 1256 2688 mortem
1274 2623 1344 2706 pati

885 2747 922 2798 se
941 2747 1039 2794 carne
1056 2727 1203 2813 permisit
1219 2727 1310 2791 mori.

884 2899 964 2966 Post
982 2899 1144 2965 dormiens
1163 2915 1275 2964 somno
1294 2916 1354 2964 auo

885 3010 983 3070 terrae
1002 3003 1125 3087 quievit
1141 3003 1279 3086 lectulo,
1470 2999 1516 3065 00

884 3107 1006 3172 frustra
1024 3110 1162 3174 cubante
1179 3105 1280 3170 milite
1420 3191 1422 3194 Ι

885 3210 929 3274 ad
945 3213 1041 3276 busta
1059 3209 1170 3275 clausa
1188 3207 1306 3294 lapide.

884 3367 967 3460 Nam
985 3383 1090 3449 fracta
1107 3382 1190 3449 Ditis
1212 3381 1297 3447 ostia

884 3491 1004 3554 virtute
1022 3490 1139 3554 stravit
1156 3484 1307 3576 proprii,
1403 3506 1405 3510 ’

884 3594 1060 3677 mortisque
1077 3594 1165 3678 rupit
1182 3591 1313 3658 vincula
1471 3589 1515 3654 05

884 3698 1026 3780 vicitque
1044 3715 1149 3780 regna
1166 3693 1290 3781 pallida
1384 3711 1385 3714 ’
1551 3699 1556 3708 ’

885 3887 945 3954 Sol
962 3888 1017 3952 ille
1036 3884 1313 3970 splendidissimus
1364 3943 1365 3946 ,

884 3993 955 4059 imis
973 3991 1140 4074 refulgens
1158 3989 1326 4070 Manibus,

886 4115 982 4180 quem
998 4095 1088 4162 nulla
1104 4113 1171 4160 nox
1188 4092 1369 4177 intercipit,

884 4219 947 4265 neo
965 4198 1065 4264 densa
1083 4201 1186 4267 nubes
1208 4195 1335 4262 occulit.
1450 4192 1516 4258 100

885 4387 1013 4458 Laxata
1029 4408 1105 4455 mox
1124 4387 1313 4472 captivitas,

885 4495 982 4560 sedes
999 4495 1113 4560 revisit
1130 4493 1271 4576 caelicas,

886 4619 981 4684 quam
999 4600 1104 4684 prima
1121 4599 1216 4664 labes
1232 4593 1353 4678 intulit,

886 4703 960 4770 dum
978 4703 1200 4790 protoplastus
1218 4699 1349 4768 corruit.
