3312 5366
761 533 812 602 ad
833 553 975 600 nouam.

478 677 619 762 Spiritus
642 677 819 762 paraclitus
842 676 901 741 luit
925 672 1124 757 appellatus,

478 784 595 848 donum
618 781 686 864 dei,
709 781 844 862 caritas,
868 780 941 843 fons
964 775 1162 858 vivificatus,

477 887 631 971 spiritalis
653 887 777 966 unctio,
801 885 886 966 ignis
909 881 1143 964 inflammatus,

478 990 676 1074 septiformis
697 988 816 1072 gratiae
836 985 998 1052 charisma
1019 990 1166 1050 vocatus.

746 1182 796 1252 ad
816 1202 991 1276 vesperae.

476 1327 609 1394 Dextrae
632 1329 685 1393 dei
708 1329 844 1410 digitus,
866 1326 970 1388 virtus
993 1323 1147 1406 spiritalis

477 1452 537 1499 nos
561 1433 729 1515 defendat,
753 1437 846 1496 eruat
869 1429 1014 1494 omnibus
1037 1429 1188 1514 amalis,

478 1547 515 1604 ut
536 1539 630 1604 nobis
651 1554 717 1602 non
739 1541 856 1602 noceat
880 1531 1008 1596 daemon
1029 1531 1212 1618 infernalis,

479 1650 634 1726 protegat
655 1649 688 1704 et
709 1641 838 1720 foveat,
867 1637 987 1701 nutriat
1008 1638 1068 1702 sub
1092 1639 1161 1706 alis.

707 1837 757 1907 od
780 1829 1049 1932 completorium.

483 1983 623 2069 Spiritus
647 1985 823 2068 paraclitus
846 1993 905 2049 nos
929 1987 1009 2050 velit
1026 1985 1147 2070 juvare

477 2097 619 2154 mentem
639 2090 763 2171 visere,
778 2109 919 2172 ¹regere,
942 2091 1143 2170 illuminare,

478 2200 514 2257 nt
537 2211 608 2256 oum
627 2191 732 2274 judex
754 2194 883 2258 venerit
905 2211 1016 2257 omnes
1035 2193 1205 2277 judicare,

480 2314 540 2361 nos
564 2297 642 2360 velit
665 2296 707 2362 ad
731 2297 899 2366 dexteram
917 2314 1011 2366 suam
1031 2299 1202 2364 collocare.

478 2473 546 2541 llas
569 2476 668 2546 horas
691 2476 867 2542 canonicas
890 2494 962 2544 orme
985 2473 1159 2541 (1110111111

480 2597 585 2660 sume,
609 2586 720 2646 saincte
739 2579 887 2663 spiritus,
910 2579 1129 2664 pistatione,

479 2690 536 2752 tua
556 2682 610 2750 fac
631 2683 781 2748 recolere
801 2682 1008 2748 miseratione

481 2794 579 2868 aulae
601 2803 660 2850 nos
683 2787 844 2858 illumines
865 2786 1090 2852 illustratione.

306 2967 353 3023 Hs
371 2984 429 3024 von
446 2967 606 3022 Reichenau
624 2968 676 3023 No,
695 2970 730 3022 36
748 2984 782 3025 nu
801 2964 967 3032 Karlsruhe,
989 2964 1093 3016 11-15
1112 2964 1211 3021 Jahrh.
1229 2971 1338 3026 enthfflt
1351 2970 1443 3025 dieses
1457 2969 1526 3024 Lied

217 3056 247 3110 in
266 3056 327 3111 ‹lrei
345 3054 535 3125 Absohrilten,
553 3055 595 3110 Bl.
613 3059 648 3110 32
667 3055 723 3125 (R)
741 3053 791 3109 mit
809 3055 860 3108 der
878 3051 1048 3107 Nachrioht:
1068 3051 1120 3106 has
1139 3054 1226 3110 horas
1246 3057 1398 3112 canonicus
1417 3057 1451 3110 de
1469 3056 1527 3126 spi·

217 3143 276 3200 ritu
300 3149 399 3198 sancto
424 3142 586 3213 compilavit
605 3157 683 3212 pepe
704 3143 848 3197 ‚lohannes
873 3145 904 3194 et
927 3137 1109 3210 indulgentiis
1135 3155 1184 3195 ees
1203 3141 1321 3197 dotavit.
1346 3141 1388 3197 Bl.
1406 3144 1443 3197 10
1460 3143 1525 3212 (Β),

217 3231 260 3286 Bl
273 3232 309 3285 68
327 3231 382 3301 (G)
399 3231 450 3286 mit
468 3231 529 3286 dem
543 3229 669 3284 Beisatn:
689 3229 744 3284 bec
762 3225 887 3282 officium
905 3243 926 3282 s.
946 3225 1062 3296 spiritus
1082 3229 1242 3298 composuit
1258 3245 1334 3300 papa
1349 3229 1524 3284 Benedictus.

217 3319 283 3374 Dies
301 3321 381 3375 wilre
398 3320 533 3375 Benediot
550 3319 608 3388 1111,
627 3319 677 3375 der
696 3320 765 3377 1312,
784 3317 872 3384 starh,
894 3317 944 3372 der
963 3312 1140 3387 Nachfolger
1158 3315 1302 3372 lohannes
1315 3317 1400 3387 XXII,
1419 3318 1481 3372 (lem
1494 3318 1525 3372 in

218 3407 270 3462 cler
288 3412 383 3462 ersten
400 3405 547 3463 Abschrilt
566 3409 617 3462 (las
635 3405 704 3461 Lied
722 3405 942 3476 augeschrieben
961 3404 1040 3458 wind.
1077 3405 1124 3459 Hs.
1143 3421 1178 3458 nu
1192 3405 1348 3460 Karlsruhe
1367 3420 1393 3459 o.
1406 3405 1440 3459 N.
1458 3421 1525 3460 vom

217 3495 242 3550 J.
263 3496 332 3549 1139
351 3496 414 3566 (Α).
449 3497 496 3550 Hs.
515 3513 550 3550 zu
568 3495 672 3562 Mainz,
693 3495 791 3548 Karth.
809 3493 862 3548 No.
881 3492 940 3548 599.
960 3491 1002 3548 Bl.
1022 3495 1056 3547 92
1075 3508 1126 3547 aus
1146 3492 1207 3546 dem
1227 3494 1261 3546 11
1278 3492 1376 3548 Jahrb.
1395 3493 1451 3562 (D)
1480 3492 1525 3546 als

217 3579 342 3638 officium
360 3600 381 3638 s.
401 3583 543 3654 spiritus,
566 3583 613 3636 Hs.
632 3581 791 3636 Wernhers
809 3597 834 3634 v.
853 3581 992 3634 Zimmern
1010 3580 1062 3634 No.
1081 3581 1116 3634 59
1134 3595 1168 3634 nu
1187 3580 1356 3650 Karlsruhe,
1376 3583 1410 3635 11
1427 3580 1526 3636 Jahrb.

216 3671 287 3742 (Z),
320 3670 497 3726 Bruchstiick
520 3670 549 3723 in
574 3669 651 3724 einer
668 3666 882 3722 franziisieclaen
900 3669 947 3728 lls.
967 3668 1017 3722 der
1036 3667 1135 3735 Horae,
1165 3669 1198 3722 15
1216 3668 1329 3736 Jahrh.,
1359 3668 1396 3722 im
1414 3669 1528 3724 Privat-

215 3759 306 3814 besitz
325 3759 385 3828 (F).
421 3757 555 3812 Hortalus
574 3757 673 3810 animae
693 3756 734 3810 Bl.
752 3760 787 3810 22
806 3757 867 3826 (ll).
903 3757 954 3812 Boi
971 3755 1072 3812 Daniel
1091 3757 1171 3824 1311
1189 3757 1265 3810 steht
1283 3756 1333 3812 der
1346 3754 1467 3827 Anfang.

307 3846 363 3899 Das
381 3845 449 3899 Lied
467 3845 517 3900 hat
534 3844 596 3897 eine
614 3841 749 3916 ‹loppelte
767 3843 896 3916 Fassung
914 3845 986 3898 nach
1005 3844 1100 3898 seinen
1119 3843 1219 3898 beiden
1233 3843 1381 3913 Zwecken‚
1401 3845 1474 3898 denn
1492 3859 1524 3898 es

215 3947 280 3987 war
305 3933 399 3987 sowol
417 3949 466 3986 nur
485 3931 707 3987 Privatandacht
730 3931 871 3986 bestimmt
889 3931 932 3984 als
952 3931 1024 3985 auch
1042 3947 1104 3985 num
1124 3929 1306 3987 tillentlichen
1324 3931 1526 3998 Gottesdienst,

208 4020 302 4093 jenen
329 4020 434 4074 Zweck
461 4019 579 4076 erkennt
605 4037 669 4075 man
693 4035 729 4076 an
761 4019 823 4074 (lem
843 4014 986 4090 ‘Singulos¹
1015 4019 1064 4073 des
1091 4019 1234 4075 Betendeu
1261 4019 1331 4075 oder
1355 4019 1526 4092 Singenden,

215 4107 314 4162 diesen
332 4123 377 4162 am
395 4107 499 4163 Plural
535 4109 581 4164 leh
599 4109 707 4164 wihlte
725 4109 770 4162 die
789 4105 891 4162 aweite
904 4108 1042 4180 Fassung,
1061 4107 1131 4162 weil
1150 4109 1192 4163 sie
1210 4106 1340 4179 hliufiger
1357 4107 1526 4163 vorkommt.

216 4196 247 4257 ln
266 4196 317 4250 der
335 4195 418 4251 Form
436 4197 492 4252 und
510 4197 696 4268 Behandlung
713 4196 818 4250 stimmt
837 4195 928 4250 dieses
946 4196 1014 4250 Lied
1031 4197 1081 4251 mit
1100 4197 1153 4252 No.
1171 4199 1207 4250 22
1225 4195 1281 4250 und
1299 4196 1333 4249 82
1352 4196 1475 4250 iiberein.

306 4319 321 4369 1
346 4317 428 4372 michi
446 4318 476 4373 B.
524 4319 542 4372 3
567 4333 629 4388 quae
647 4315 695 4373 liir
714 4333 775 4373 cum
792 4320 833 4386 A,
863 4309 928 4372 erat
945 4319 976 4372 B.
1006 4320 1041 4370 ‘5
1066 4317 1100 4372 de
1118 4317 1229 4389 virgine
1248 4314 1323 4372 lilius
1342 4319 1471 4374 Christus
1488 4320 1523 4387 A,

216 4404 308 4460 Maria
327 4403 346 4460 f.
365 4403 439 4461 lilius
458 4407 519 4474 EF,
539 4407 606 4461 deus
625 4405 644 4461 f.
662 4405 700 4461 fil
719 4409 755 4475 Z,
774 4405 849 4461 filius
869 4404 888 4460 f.
907 4411 964 4476 pat.
982 4406 1035 4463 Bc.
1071 4406 1165 4460 Ysuis
1184 4401 1202 4459 f.
1221 4402 1275 4460 fuit
1293 4406 1370 4462 BGZ.
1408 4407 1522 4461 Scaelis

215 4493 388 4551 BGDAEFZ.
424 4495 509 4546 9-11
530 4493 627 4548 lauten
644 4494 673 4572 in
686 4493 817 4550 BAGEF:
837 4493 966 4564 spiritum
983 4491 1151 4564 paraclitum
1169 4494 1524 4564 (suumsanotumsp.AO)

214 4583 282 4637 ritae
300 4582 384 4652 (deus
402 4583 442 4650 A)
461 4581 618 4652 delegavit,
654 4583 683 4636 in
701 4582 745 4636 die
765 4585 880 4652 (sancto
898 4583 940 4651 Α)
967 4585 1147 4652 pentecostes
1171 4579 1251 4652 ipsos
1274 4587 1357 4652 (snos
1375 4581 1412 4652 F)
1436 4578 1527 4637 infor·

214 4669 303 4724 mavit
326 4667 518 4738 (confortavit
544 4669 629 4739 Ans)
656 4669 762 4742 linguis
789 4670 869 4740 loqui
895 4668 999 4736 variis,
1031 4669 1111 4740 ipsos
1137 4670 1179 4725 sio
1206 4669 1356 4726 adamavit.
1397 4669 1440 4723 Da
1458 4669 1475 4722 9
1493 4668 1523 4720 in
1653 4683 1654 4686 ¹

215 4753 314 4810 diesen
337 4756 401 4813 fles.
426 4753 512 4828 fehlt,
544 4774 578 4816 so
601 4757 693 4816 haben
716 4758 757 4814 sie
781 4755 866 4814 defit
890 4761 923 4812 11
949 4757 1025 4815 also:
1058 4760 1143 4828 atque
1161 4757 1252 4830 siguis
1271 4755 1372 4829 (lignis
1390 4759 1421 4814 Α
1440 4759 1470 4813 et
1488 4755 1525 4810 de
