3316 5358
252 515 400 584 Altiores
422 514 473 578 his
496 514 595 579 locati
617 514 650 578 in
674 531 825 598 snpemae
847 514 964 598 patriae

253 623 376 702 absque
398 618 462 682 fine
486 637 570 702 pace
592 625 678 700 tuto,
701 619 774 684 luce
798 619 888 683 claro
911 617 1063 700 culmine,

252 723 454 808 principatus
476 721 510 786 hi
533 729 697 786 merentur
720 721 876 804 consequi
897 720 1098 788 vocabulum.

255 882 392 948 Constat
415 891 521 948 antem
544 884 746 949 dominantes
770 903 843 949 esse
866 884 970 949 dictos
993 883 1121 948 nomine

252 988 428 1052 eminentes
452 987 502 1050 his
524 989 670 1072 prioratu
692 989 817 1072 recepti
839 987 996 1070 muneris,
1235 973 1238 980 ⁴

254 1091 307 1173 qui
330 1091 480 1156 videntur
504 1098 686 1156 ceterorum
708 1092 846 1174 gratiam
869 1089 1109 1156 transcendere.

252 1253 343 1339 Ergo
367 1256 464 1320 sedes
488 1257 557 1348 sive
580 1255 715 1320 thronos
738 1255 789 1319 his
813 1261 964 1319 notamen
982 1251 1101 1332 ‚indidit

252 1378 323 1424 mos
346 1368 508 1442 vetustus,
532 1367 648 1425 cuncta
670 1380 731 1444 per
754 1377 835 1442 quos
859 1378 918 1420 rex
941 1357 1090 1439 polorum
1112 1353 1254 1440 judicat,

252 1485 295 1529 ex
319 1465 421 1529 sacris
445 1465 638 1530 auctoritate
661 1466 817 1530 roborata
835 1462 982 1536 vatibus,
1045 1551 1049 1560 ι

252 1623 304 1690 Ex
328 1625 492 1691 cherubim
515 1625 670 1709 plenitate
694 1625 780 1689 dicta
804 1629 878 1688 runt
899 1622 1061 1705 scientiae,

254 1729 341 1813 quod
363 1731 516 1794 scientem
540 1738 655 1794 cuncta
678 1729 799 1811 norint,
823 1726 911 1791 utin
936 1744 972 1788 se
996 1733 1045 1790 est
1068 1725 1212 1810 domino,

255 1833 359 1916 deque
382 1835 512 1898 summis
535 1835 717 1917 intimisque
739 1833 785 1897 nil
808 1833 849 1896 sit
871 1831 922 1896 his
944 1829 1149 1912 incognitum.

162 2030 166 2034 ·
253 1996 369 2062 Restat
391 2016 472 2078 ergo
494 1993 580 2062 nunc
603 1997 729 2060 referre
753 1995 795 2058 de
818 1995 972 2080 seraphin
995 1993 1124 2078 ordine,

253 2099 309 2178 qui
331 2098 441 2162 calore
465 2106 539 2160 sunt
561 2100 680 2160 amoris
703 2107 878 2162 aestuantes
900 2100 933 2164 in
957 2099 1023 2174 deo,

256 2198 396 2281 huicque
419 2198 480 2263 soli
502 2216 631 2282 semper
653 2198 780 2262 haerent
802 2192 939 2262 caritate
961 2203 1108 2282 proximi.

255 2358 315 2424 llis
338 2337 516 2442 quibusque
540 2358 613 2424 dum
637 2360 753 2423 suatim
776 2369 904 2425 constet
926 2380 999 2426 esse
1022 2361 1168 2461 singula,

257 2471 308 2528 ast
329 2463 490 2528 habentur
513 2471 630 2530 cuncta
653 2466 777 2530 cunctis
800 2466 936 2534 caritate
959 2465 1068 2532 mutui

255 2567 419 2650 possidet,
443 2567 518 2632 dum
537 2566 623 2652 quod
638 2616 737 2632 .....
748 2615 757 2651 ,
780 2569 865 2642 alter
887 2569 951 2636 hoc
973 2571 1007 2636 in
1029 2571 1141 2638 altero.

253 2729 322 2795 Nos
345 2737 378 2794 et
400 2730 464 2814 ipsi
485 2729 594 2794 massa
616 2736 714 2794 terrae
737 2739 826 2796 sorte
850 2730 964 2800 sancti
985 2733 1097 2799 talium

255 2834 432 2918 adjuvante
454 2855 535 2917 rege
558 2853 681 2900 summo
703 2843 752 2900 tot
775 2837 907 2936 locandi
928 2837 1109 2922 credimur,

255 2947 334 3023 quot
356 2940 515 3022 malignus
538 2939 726 3005 decidentes
748 2937 823 3004 aula
846 2941 920 3006 coeli
942 2941 1075 3027 depulit.

252 3101 347 3192 Unde
369 3103 419 3168 fas
443 3110 510 3186 est,
533 3122 593 3168 nos
616 3123 768 3188 supernae
790 3103 880 3168 more
903 3105 980 3184 vitae
1003 3105 1131 3170 interim

252 3205 307 3271 hic
328 3207 361 3270 in
383 3226 476 3271 usum
497 3206 585 3270 ferre
607 3214 751 3271 nostrum
773 3207 964 3288 angelornm
986 3210 1109 3292 monia,
1195 3237 1197 3244 >

253 3311 326 3396 ipsa
348 3319 501 3394 quantum
524 3313 704 3396 corporalis
727 3312 912 3376 exulantum
934 3313 985 3376 vis
1009 3314 1104 3398 capit.

253 3477 325 3542 Hoc
348 3477 462 3540 vadere
485 3483 535 3539 est
557 3476 663 3540 favori
686 3476 833 3558 cuiquam
855 3483 1001 3540 nostrum
1024 3478 1090 3544 dux
1113 3481 1208 3547 datus

255 3588 354 3663 atque
378 3587 488 3644 custos
510 3580 680 3644 mundialis
703 3579 864 3646 incolatus
882 3585 1050 3666 tempore,

254 3685 339 3751 illius
361 3703 422 3768 per
443 3690 483 3746 ut¹
502 3681 652 3748 ducatum
676 3684 909 3748 transferamur
931 3683 974 3748 ad
997 3683 1101 3750 deum.
1157 3686 1161 3700 “

257 3847 406 3934 Angelos
430 3849 485 3932 qui
507 3849 613 3932 pascit
635 3847 707 3933 ipsa
728 3851 852 3952 visione
871 3851 942 3936 jam
965 3853 1014 3918 rui

256 3963 290 4021 et
311 3955 376 4020 fide
398 3974 459 4021 nos
482 3975 544 4040 per
565 3957 651 4022 viam
674 3977 758 4023 nunc
781 3959 984 4038 ambulantes
1007 3947 1055 4022 s'ie
1077 3957 1149 4040 alit,

255 4068 291 4126 ut
314 4061 462 4145 supernis
483 4068 559 4144 post
582 4070 729 4145 coaequet
752 4063 837 4127 inter
859 4071 949 4129 astra
972 4063 1105 4130 civibus.

8 4357 9 4360 ,
213 4298 407 4354 Reichenauer
426 4296 473 4353 Hs.
492 4313 527 4352 nu
545 4297 716 4368 Karlsruhe,
734 4299 787 4355 No.
803 4301 863 4353 241.
887 4299 930 4373 Bt
946 4298 993 4354 i8.
1016 4314 1068 4354 ans
1086 4297 1149 4354 dem
1167 4299 1202 4353 10
1220 4297 1332 4368 Jahrb,
1357 4299 1431 4355 ohne

126 4387 304 4461 strophische
322 4385 504 4457 Abtheilung.
538 4387 596 4440 Das
614 4385 717 4442 ‘a'lteste
733 4386 859 4457 Beispiel
876 4386 954 4441 einer
972 4385 1091 4442 solchen
1109 4385 1291 4457 dreineiligen
1304 4386 1431 4458 Strophe

125 4479 177 4533 hat
193 4474 362 4532 Prudentius
380 4473 436 4528 und
454 4475 552 4544 spiiter
569 4473 725 4530 venantius
742 4475 915 4530 Fortunatus
933 4473 979 4544 (S.
987 4474 1041 4530 No.
1052 4475 1126 4544 101).
1162 4473 1243 4529 Anch
1261 4471 1305 4527 die
1323 4474 1431 4546 rythmi

125 4563 292 4624 Adelmanni
309 4562 357 4618 bei
373 4561 497 4618 Mobittcu
515 4561 646 4618 analecta
656 4578 690 4633 p.
708 4562 762 4618 382
779 4562 872 4618 haben
891 4561 984 4618 dieses
1002 4561 1236 4633 Strophenmass‚
1259 4559 1366 4617 ebenso
1385 4561 1432 4618 die

126 4668 222 4724 prosae
239 4651 367 4710 Fulberti
390 4650 420 4706 in
437 4650 488 4705 der
505 4649 610 4721 Magna
629 4649 800 4706 bibliotheca
816 4655 943 4722 patrum,
967 4650 1010 4707 ed
1028 4650 1127 4708 Gelon.
1145 4651 1178 4702 11
1197 4665 1225 4720 p.
1241 4650 1284 4704 44.
1319 4648 1432 4708 Ardere

126 4734 640 4813 BeispielebeiDauiel1·,191flg:
674 4737 755 4798 Nacb
778 4737 870 4798 lohalt
891 4739 948 4796 und
971 4739 1103 4812 unauna
1128 4734 1206 4796 fuum
1230 4737 1331 4811 obiges
1354 4737 1432 4807 Lied,
