3324 5358
135 517 236 584 Salve
259 519 414 604 splendor
436 519 595 604 paradisi,

135 622 254 705 inquo
277 625 380 689 saneti
403 633 478 689 sunt
500 623 630 705 confisi,

134 729 243 810 quite
266 727 422 810 perdunt,
445 734 520 791 sunt
541 725 655 809 derisi,
720 726 760 788 15

177 851 257 896 vere
280 831 485 896 stolidissimi.

134 1008 236 1076 Salve
258 1009 354 1093 desn,
376 1029 437 1074 rex
459 1009 614 1091 eoelestis,

132 1112 318 1192 suffragare
340 1112 433 1177 nobis
455 1111 594 1193 moestis,

133 1214 188 1280 iao
209 1222 245 1279 ut
266 1215 382 1298 proonl
405 1215 507 1280 omnis
529 1212 648 1296 pestis,

176 1319 264 1402 pelle
287 1335 382 1384 oasns
405 1323 551 1400 asperos.
718 1313 760 1378 2⁰

133 1496 235 1563 Salve
257 1496 354 1579 Jesu,
376 1495 449 1560 fons
472 1494 601 1578 salutis,

131 1603 177 1666 da
194 1602 350 1686 juvamen
373 1599 549 1681 destitutis,

134 1706 226 1772 aufer
239 1705 356 1790 jugum
375 1703 550 1785 servitutis,

175 1811 229 1875 fao
250 1826 310 1874 nos
332 1828 412 1872 vere
433 1808 564 1872 liberos.

132 1989 233 2057 Salve
255 1990 352 2072 Josu,
373 1995 489 2074 portos
511 1985 599 2068 vitae,
717 1984 759 2048 25

132 2097 187 2160 fao
208 2095 356 2158 vivamus
379 2093 448 2154 sine
472 2091 544 2171 lite,
632 2101 635 2108 ·

131 2196 338 2264 consolemur
360 2194 394 2256 in
414 2199 449 2256 to
471 2191 538 2254 vite

177 2318 307 2382 semper
329 2298 398 2361 sine
422 2293 564 2360 erimine.

134 2481 236 2550 Salve
258 2481 354 2564 dean,
377 2479 532 2563 princeps
550 2474 658 2560 paois,

130 2592 167 2652 tu
189 2584 244 2666 qui
264 2585 352 2650 bona
376 2585 492 2646 ounota
513 2577 612 2660 faois,
718 2573 760 2638 30

5 2719 7 2732 =
131 2687 249 2752 ductor
271 2682 383 2768 populi
405 2679 549 2761 voraris,

177 2808 272 2872 quem
294 2787 429 2852 salvasti
450 2781 616 2866 sanguine.

129 2965 234 3032 Salve
257 2964 352 3046 desu,
376 2961 498 3027 oandor
520 2959 618 3041 lueis,

132 3073 284 3136 thronum
306 3076 420 3132 tenens
443 3063 557 3129 summi
579 3060 680 3142 dacia,

134 3174 189 3258 qui
212 3190 248 3236 es
271 3189 388 3255 passus
410 3185 525 3252 poenas
548 3164 672 3245 ornem,
717 3161 760 3224 35

176 3277 270 3343 nobis
293 3276 338 3338 sis
359 3272 529 3358 propitius.

133 3453 234 3523 Salve
257 3455 348 3536 deso,
370 3453 426 3516 lnx
448 3450 629 3535 praeclara,

134 3563 189 3646 qni
209 3559 377 3644 pendebas
400 3555 506 3633 ornois
530 3573 606 3636 ara,

131 3656 253 3748 inqua
274 3680 390 3748 passus
414 3679 451 3723 es
475 3678 587 3722 amara

177 3775 267 3832 stans
288 3767 321 3829 in
344 3781 442 3829 111111
465 3761 603 3826 sancius.
716 3759 760 3822 40

132 3934 235 4000 Salve
257 3934 353 4016 deon,
377 3933 450 3996 fons
473 3932 630 4014 signatus,

133 4037 237 4102 duleis
259 4044 370 4117 natus,
393 4034 598 4116 vulneratus,

5 4231 6 4236 ἵ
133 4144 189 4227 qui
212 4143 348 4207 salutem
371 4145 526 4222 operatus

138 4245 142 4252 ’
179 4265 215 4311 es
237 4246 271 4309 in
292 4251 391 4308 terrae
412 4242 529 4340 medio,

1380 339 1446 404 841

815 517 917 584 Salve
939 519 1038 610 Jesn,
1059 545 1158 592 verns
1180 527 1292 613 panis,

814 623 909 688 bonis
932 623 1058 692 dandus
1080 629 1280 716 christianis,
1403 632 1448 698 5⁰

814 742 880 790 non
901 726 1023 792 insanis
1044 747 1107 794 neo
1128 731 1293 815 profanis,

858 829 919 894 sed
940 851 1021 896 vere
1043 831 1219 918 disoipnlis.

815 1003 916 1070 Salve
940 1007 1035 1094 desa,
1059 1031 1119 1076 rex
1142 1013 1314 1099 colendus,

814 1109 1028 1192 extollendus,
1051 1113 1269 1198 reverendus,

813 1216 850 1275 tn
871 1213 926 1293 qui
948 1231 1077 1296 semper
1099 1233 1135 1278 es
1158 1215 1329 1282 habendus

858 1331 968 1382 ooram
989 1317 1105 1386 mentis
1128 1319 1241 1384 oeulis.

815 1493 916 1562 Salve
937 1497 1033 1582 deso,
1055 1501 1150 1583 panis
1172 1501 1284 1585 vivus,

813 1603 861 1686 pii
882 1602 989 1668 oordis
1012 1603 1221 1689 nonensivus,

814 1712 901 1771 totns
920 1727 956 1772 es
979 1707 1227 1774 inflammativus

858 1815 891 1872 et
914 1810 1032 1874 amoris
1055 1809 1212 1874 stimulus.

814 1987 916 2054 Salve
938 1989 1034 2074 deso,
1058 1989 1152 2056 fortis
1174 1991 1285 2074 gigaS,

814 2094 870 2174 qui
890 2093 1017 2176 piorum
1040 2092 1141 2158 eorda
1163 2093 1270 2174 rigas,

813 2197 1000 2278 passionem
1022 2195 1114 2261 cordi
1136 2196 1237 2278 figam

858 2317 923 2379 qua
947 2299 1093 2362 salvatur
1114 2298 1265 2380 populns.

815 2473 916 2542 Salve
938 2475 1036 2560 Jesu,
1058 2476 1115 2541 lux
1137 2475 1285 2559 fontalis,

814 2599 914 2646 verus
936 2579 1016 2645 deus
1039 2579 1222 2664 aeternalis,
1262 2579 1265 2590 '
1308 2580 1327 2592 '⁴

814 2685 869 2750 fao
890 2691 925 2750 ut
948 2703 1063 2750 serves
1085 2702 1145 2748 nos
1168 2704 1189 2748 a
1210 2682 1305 2749 malis

857 2788 891 2852 in
914 2787 967 2852 die
985 2787 1110 2872 judicii.

814 2965 916 3032 Salve
937 2967 1035 3050 Jesn,
1058 2986 1155 3031 mann
1176 2964 1284 3047 fortis,

815 3069 869 3150 qui
890 3067 1008 3132 inferni
1029 3067 1141 3132 lraotis
1160 3067 1265 3150 portis

815 3173 908 3235 salva
931 3189 991 3235 nos
1014 3170 1056 3234 de
1078 3190 1178 3254 poena
1199 3167 1313 3233 mortis

737 3369 740 3378 Α
858 3275 972 3339 aeterni
995 3273 1154 3357 supplicii.

814 3459 915 3528 Salve
937 3459 1036 3542 desa,
1060 3459 1126 3522 dux
1145 3457 1269 3538 suavis,

734 3627 736 3632 .
815 3573 886 3631 esto
908 3572 1022 3647 portus
1045 3567 1169 3626 nostrae
1191 3557 1302 3638 navis,

814 3675 850 3732 tn
872 3685 908 3730 es
930 3663 1037 3728 David
1058 3663 1115 3726 illa
1138 3660 1257 3738 olavis,
1391 3655 1445 3739 ’ζὸ

858 3784 931 3851 quae
954 3765 1078 3832 claudis
1101 3771 1136 3826 et
1157 3759 1275 3844 aperis.
1319 3797 1340 3808 ..

816 3930 917 3996 Salve
940 3928 1036 4009 Jesu,
1061 3925 1164 3991 dulois
1186 3931 1289 4005 totus,
1402 3973 1404 3980 .

816 4034 940 4100 eunetis
963 4030 1084 4095 sanetis
1107 4045 1173 4091 non
1194 4021 1342 4112 ignotus,
1439 4063 1445 4069 -

815 4157 896 4202 vere
919 4135 1020 4215 oibns,
1042 4150 1122 4194 vere
1145 4137 1257 4214 potus,
1378 4197 1382 4202 ,

769 4332 773 4342 Ι
862 4240 916 4324 qui
938 4237 997 4303 das
1020 4237 1120 4302 vitam
1140 4233 1277 4298 miseris.
1400 4231 1447 4298 8⁰

5 4375 8 4482 i
136 4397 242 4478 Salve
260 4410 356 4493 deso,
381 4409 496 4474 dootor
517 4427 613 4492 vere,
721 4405 763 4470 45
807 4403 920 4474 salve
942 4402 1039 4482 Jesu,
1061 4402 1118 4466 lux
1140 4401 1281 4480 divina,‘¹
1326 4371 1335 4421 ‘¹
1397 4453 1400 4462 .

136 4508 198 4604 nos
221 4523 327 4598 tuere,
350 4515 403 4579 fao
424 4515 597 4604 languere,

136 4631 193 4690 tuo
216 4624 373 4705 sangnine
395 4604 525 4686 fervere
587 4627 589 4632 '

142 4769 146 4782 ·
180 4727 301 4793 amoris
322 4725 485 4792 incendio.
543 4788 547 4802 ,

817 4508 863 4574 ad
885 4513 919 4572 te
940 4513 1164 4570 nostrumnon
1185 4499 1315 4582 inclina,
1431 4510 1441 4592 4ξ

818 4619 894 4680 esto
917 4610 1011 4676 nobis
1032 4607 1208 4686 medicina,

749 4785 759 4802 ἃ
865 4713 969 4780 virtus
992 4718 1026 4780 et
1047 4707 1206 4778 solatium.
