3324 5358
352 723 439 799 250.
477 723 522 796 ln
549 723 768 798 dedicatione
795 725 925 825 tempii.
960 725 1220 801 benedicamus.

131 955 300 1040 Templum
323 957 387 1021 hcc
407 954 566 1041 pacificus
811 955 865 1024 hic
887 963 938 1020 est
960 957 1060 1042 lapis,
1085 977 1180 1041 quem
1200 955 1316 1026 Aaron

129 1077 229 1122 verns
252 1059 470 1141 consecravit,
810 1059 925 1124 detulit
947 1061 981 1124 in
1004 1060 1129 1140 fronte,

130 1160 185 1225 hic
208 1169 259 1225 est
280 1161 379 1245 lapis,
402 1179 498 1244 quem
520 1159 625 1227 Jacob
810 1164 861 1233 cui
883 1164 1122 1248 benedicimus,

130 1265 204 1330 oleo
227 1265 399 1359 signavit,
810 1267 864 1350 qui
886 1285 946 1332 nos
969 1269 1050 1334 lavit
1072 1269 1171 1334 fonte.
1398 1271 1438 1333 10

127 1368 212 1452 lapis
236 1369 305 1434 sine
327 1369 483 1434 manibus
735 1369 756 1430 ⁵
810 1387 892 1452 ergo
913 1377 1027 1435 nostra
1049 1372 1164 1436 concio

128 1474 249 1540 scissus
272 1481 323 1538 est
342 1473 383 1538 dc
406 1480 530 1555 monte,
808 1472 981 1540 benedicat
1003 1475 1142 1540 domino.

218 1659 265 1714 lis
284 1674 319 1712 zu
336 1657 481 1726 hliinchen,
500 1655 567 1712 illm
585 1653 664 1710 ttae.
682 1649 733 1709 iol.
752 1654 809 1708 108.
828 1653 879 1708 mit
895 1654 1082 1727 Musilmoten,
1102 1659 1137 1711 11
1154 1657 1253 1714 tahrh.

214 1797 247 1854 V.
266 1801 289 1854 1.
317 1795 460 1870 pacificus,
478 1797 523 1852 dia
538 1797 753 1868 Uebcrsetznng
771 1811 828 1851 von
842 1793 988 1865 Salomon,
1007 1812 1086 1854 acras
1100 1798 1226 1868 pacificae
1243 1797 1281 1852 ist
1298 1796 1437 1868 Christus,

127 1884 177 1939 der
194 1886 322 1940 Erbaner
341 1886 392 1940 der
410 1885 532 1953 Kircha,
555 1883 612 1938 wia
633 1883 719 1956 jener
738 1883 787 1938 des
806 1883 951 1954 Tempels3
984 1883 1072 1940 daher
1098 1884 1136 1939 ist
1163 1884 1235 1940 anch
1262 1883 1307 1939 die
1332 1885 1437 1940 Kirche

128 1971 206 2028 seina
225 1975 316 2030 Brant
342 1973 398 2028 und
424 1972 499 2027 wird
527 1971 578 2028 des
606 1972 681 2027 hohe
699 1971 769 2028 hied
795 1970 849 2028 aus
863 1973 1005 2029 Christum
1031 1973 1087 2028 und
1110 1971 1155 2028 die
1174 1973 1278 2028 Kircha
1302 1971 1439 2044 beregen.

125 2063 143 2116 2
161 2060 225 2117 Gor.
245 2059 288 2129 11,
306 2064 331 2114 2.
366 2057 490 2135 Χριστοῦ
507 2056 525 2128 ἦ
542 2056 633 2130 νύμφη
651 2059 783 2129 ἐκκλησία.
810 2061 873 2116 Jan.
890 2060 933 2116 Bl.
950 2063 976 2116 lt.

214 2163 247 2218 V.
266 2166 308 2217 10.
335 2160 416 2230 fons,
443 2162 489 2216 die
507 2159 611 2229 rante,
638 2161 708 2215 weil
724 2178 789 2216 man
807 2163 896 2218 durch
914 2163 957 2218 sie
981 2165 1010 2218 in
1035 2165 1080 2220 (lia
1099 2163 1203 2220 Kirche
1221 2161 1437 2234 ausgenommen

12 2277 13 2294 2
125 2251 209 2306 wird
243 2251 275 2304 V.
295 2250 365 2304 1-8
383 2248 447 2302 sind
466 2248 510 2302 dia
528 2246 734 2317 Andautungen
752 2245 801 2302 des
820 2248 897 2302 alten
913 2250 1087 2304 Testamenta
1107 2251 1245 2318 erwiihnt,
1263 2247 1373 2302 welche
1387 2246 1442 2304 aut

126 2338 171 2394 die
194 2338 298 2392 Kirche
326 2337 375 2392 des
399 2351 491 2393 neuen
517 2336 616 2405 Bezug
642 2334 748 2403 haben,
781 2335 909 2390 weshalb
928 2339 1001 2391 auch
1020 2335 1148 2392 Christus
1167 2337 1218 2390 der
1236 2333 1369 2390 lichstein
1387 2351 1437 2406 ge·

125 2431 214 2482 nanut
230 2425 311 2493 uu'rd,
330 2424 399 2478 weil
416 2440 449 2478 er
467 2419 548 2478 beide
563 2421 742 2482 Testamenta
761 2421 917 2498 verbimlet.
953 2421 982 2478 S.
1001 2423 1053 2477 No.
1071 2425 1134 2492 251,
1153 2423 1195 2478 13.

172 2759 260 2833 251.
286 2757 330 2828 lu
357 2755 577 2830 dedicatione
603 2755 760 2828 ecclesiae
787 2769 821 2828 et
845 2760 1084 2832 anniversario
1106 2760 1192 2858 ejus.
1225 2759 1385 2860 hymnus.

254 2980 342 3048 Urbs
364 2985 463 3048 beata
484 2980 677 3062 Jerusalem,
700 2979 787 3046 dicta
808 2983 899 3063 pacis
922 2982 1005 3046 visio
1012 2986 1039 3064 ,‘

257 3107 333 3169 quae
357 3085 552 3150 construitur
576 3085 609 3148 in
633 3085 723 3161 coelis
745 3086 829 3149 vivis
853 3106 895 3150 ex
918 3085 1078 3168 lapidibus

256 3199 292 3255 et
315 3190 440 3273 angelis
463 3195 621 3253 coornata
642 3189 733 3254 velut
756 3207 876 3272 sponsa
898 3190 1024 3255 nobilis.

256 3369 353 3436 Nova
375 3370 509 3433 veniens
532 3389 552 3433 a
574 3370 673 3452 coelo,
696 3369 831 3452 nuptiali
853 3368 996 3434 thalamo

257 3480 460 3558 praeparata,
482 3480 519 3538 ut
540 3482 695 3558 sponsata
718 3473 888 3556 copuletur
911 3473 1056 3554 domino,

257 3580 376 3664 plateae
400 3586 433 3643 et
454 3578 536 3642 muri
559 3579 629 3662 ejus
653 3599 695 3644 ex
717 3597 796 3645 auro
819 3580 1000 3663 purissimo,

255 3751 367 3818 Portae
390 3755 492 3817 nitent
514 3754 698 3836 margaritis
722 3753 829 3836 adytis
848 3754 1032 3836 patentibus

258 3865 291 3921 et
314 3859 432 3921 virtute
455 3859 641 3922 meritorum
663 3859 740 3922 illuc
762 3858 975 3922 introducitur

258 3963 378 4044 omniS,
403 3963 455 4045 qui
481 3965 522 4028 ob
546 3961 667 4026 Christi
689 3981 806 4026 nomen
828 3960 882 4028 hic
904 3963 937 4024 in
960 3960 1078 4058 mundo
1102 3958 1266 4043 premitur.
1321 4047 1322 4052 γ

259 4143 487 4228 TunsionibuS,
508 4148 670 4230 pressuris
694 4147 828 4230 expoliti
850 4144 976 4228 lapides
1087 4223 1092 4228 ι

259 4251 325 4316 suis
349 4258 542 4334 coaptantur
564 4251 654 4334 lucia,
677 4271 738 4334 per
760 4269 872 4315 manus
896 4245 1028 4312 artificis

258 4355 471 4439 disponuntur
493 4357 696 4440 permansuri
719 4358 820 4423 sacris
843 4353 997 4420 aedificiis.

258 4530 430 4616 Angulare
443 4510 694 4600 'fundamentum
715 4533 800 4616 lapis
823 4531 970 4598 Christus
993 4533 1108 4596 missus
1133 4541 1199 4616 est,

259 4637 314 4718 qui
338 4655 497 4722 compage
515 4639 676 4722 parietum
697 4637 731 4700 in
753 4644 891 4720 utroque
914 4637 1067 4720 nectitur,

259 4759 355 4823 quem
377 4740 458 4809 Sion
481 4750 595 4810 sancta
617 4743 769 4828 suscepit,
792 4743 826 4808 in
849 4760 913 4826 quo
937 4739 1075 4808 credens
1098 4744 1279 4824 permanet.
1396 4739 1439 4808 15
