3316 5358
432 966 696 1056 munna
735 960 871 1054 Aul*
907 961 1028 1050 DIE
1058 961 1308 1056 ENtlffll.

476 1351 564 1426 306.
597 1352 656 1423 De
671 1373 805 1424 novem
831 1347 1014 1426 ordinibus
1041 1351 1258 1452 angelornm.

342 1553 466 1623 Faotor
489 1555 583 1630 orbis=
602 1555 791 1638 angelorum
812 1575 874 1639 per
896 1573 1042 1622 novenos
1065 1555 1197 1622 ordines

343 1660 510 1728 eivitatenr
532 1659 761 1743 sempiternam
784 1658 833 1728 sio
855 1659 978 1725 looavit
1001 1660 1166 1744 primitus,

342 1771 381 1829 ut
401 1785 463 1850 per
481 1781 559 1828 eunt
579 1782 647 1845 pax
669 1762 702 1825 in
724 1761 780 1826 illa
803 1781 933 1846 semper
956 1769 1045 1826 esset
1067 1763 1222 1845 maxima3

343 1923 415 1994 Sed
437 1931 597 2013 superbus
619 1928 836 1997 intumescens
859 1929 893 1992 in
916 1927 1236 1996 tonantem'Luoiter

343 2032 446 2098 multa
469 2052 581 2102 seeum
602 2032 702 2103 traxit
722 2031 798 2096 inda
821 2031 1063 2115 transfugarum
1084 2034 1185 2099 millia

341 2153 470 2220 proque
492 2137 576 2205 ooelo
598 2155 635 2202 se
658 2134 824 2208 (lebannes
844 2136 1022 2221 principari
1043 2139 1163 2206 maluit.

342 2296 440 2368 Unde
462 2283 570 2366 rerum
593 2281 812 2367 summus'ille
833 2301 1030 2388 providebat
1052 2302 1186 2388 artifex,

340 2405 377 2470 in
398 2413 555 2471 vacantes
578 2426 666 2471 areae
689 2405 785 2472 sedes
809 2407 967 2472 snseitare
989 2408 1142 2493 insolam,

344 2509 402 2592 qui
423 2507 548 2574 subiret
569 2507 768 2592 perditorum
792 2508 982 2592 dignitatem

342 2673 483 2758 Jamque
505 2673 581 2740 limo
603 2671 826 2760 protoplastus
851 2654 1028 2740 oondlton's
1050 2692 1111 2756 par
1133 2691 1261 2740 manum

341 2781 489 2844 membra
513 2797 643 2843 sumens
665 2779 764 2843 traxit
786 2779 853 2843 alto
876 2797 913 2842 se
936 2777 1101 2842 foventem
1123 2779 1284 2862 spiritum,

343 2882 406 2948 sed
427 2901 489 2948 neo
510 2882 583 2966 ipse
604 2884 817 2967 permanebat
837 2883 871 2947 in
892 2889 1028 2966 reoepto
1050 2901 1192 2946 munere.

339 3048 402 3115 llla
423 3066 505 3113 vero
527 3047 595 3114 fixa
617 3049 700 3114 ooelo
724 3069 797 3133 qnae
820 3057 980 3116 steterunt
1003 3007 1147 3134 agmina,

216 3185 220 3190 ·
338 3152 512 3220 ordinatim
534 3153 712 3218 sortiuntur
733 3154 925 3238 dignitatum
947 3156 1090 3238 nomina,

336 3264 376 3324 ut
398 3257 577 3366 quibusque
600 3256 657 3323 dat
678 3260 791 3358 valere
814 3267 924 3326 raotor
945 3261 1017 3345 ipse
1040 3259 1188 3326 omnium.

337 3415 488 3514 Namque
511 3418 573 3484 soli
596 3419 630 3483 hi
652 3426 812 3486 vooantur
834 3419 1024 3504 angelornm
1045 3419 1188 3503 nomine,

338 3521 395 3605 qui
416 3521 598 3606 ministrant
615 3523 647 3587 in
666 3517 821 3608 juvandis
844 3525 932 3590 orbis
954 3522 1051 3608 hujus
1075 3523 1225 3609 advenis,

337 3625 400 3695 sed
423 3626 489 3710 suis
510 3635 588 3724 post
611 3648 674 3696 axe
697 3629 772 3714 ooali
794 3628 988 3726 deputandis
1012 3629 1145 3695 oivibus.

338 3789 465 3873 Quique
487 3792 629 3851 tractant
651 3785 722 3851 sola
738 3799 854 3851 ‘oausae
876 3785 1067 3870 principalis
1089 3784 1201 3849 nuntia
1267 3845 1277 3868 ,

336 3891 537 3979 propridque
559 3891 744 3960 nominandi
766 3897 854 3956 sorte
876 3891 1002 3974 pollent
1023 3891 1172 3972 insuper,

250 4089 253 4098 ¹
335 4017 380 4064 ex
402 3985 536 4076 honoris
559 3997 713 4082 qualitate
732 3994 810 4080 jure
833 4001 908 4063 sunt
930 3993 1129 4078 archangeli

337 4155 428 4226 Ordo
449 4165 572 4256 praeest
594 4159 648 4246 qui
670 4157 823 4256 gerendis
844 4158 906 4241 per
928 4159 1033 4234 bonos
1055 4154 1235 4238 miraculis,

334 4265 408 4332 sive
430 4266 524 4330 vivos
547 4265 618 4328 sive
641 4263 748 4329 earnis
770 4263 926 4328 liberatos
949 4280 1098 4345 oaroere,

332 4373 391 4442 ille
412 4387 530 4436 nomen
552 4367 718 4452 dignitatis
740 4369 835 4434 sumit
858 4388 900 4433 ex
921 4367 1102 4434 virtutibus.

333 4530 423 4600 (lura
445 4551 581 4616 quorum
603 4531 827 4616 adlegendae
850 4537 988 4618 praestat
1008 4531 1076 4596 iras
1100 4531 1291 4618 daemonum,

330 4636 461 4721 quando
487 4636 592 4720 captis
614 4638 799 4702 inseruntur
820 4633 981 4702 mentibus
1003 4635 1206 4720 mortalium,

325 4740 393 4806 lios
413 4747 596 4826 potestates
617 4741 732 4810 vocari
753 4739 874 4826 dogma
894 4759 1023 4810 saorum
1044 4739 1214 4827 praeditat.
