3280 5358
419 635 479 710 35·
518 633 577 706 {le
609 631 761 706 adventu
784 631 915 706 domini
941 633 1102 737 hymnus.

108 839 195 908 Veni
216 840 293 905 veni
307 859 374 904 ⁴ren
396 837 512 922 gloriae

108 946 258 1028 educque
280 962 339 1010 uos
363 944 404 1009 de
431 962 564 1010 carcere

105 1047 288 1114 mordentis
311 1047 517 1114 conscientie

107 1151 241 1215 dimisso
265 1159 379 1217 cuncto
403 1151 543 1217 crimine.

105 1314 261 1393 Quamvis
284 1331 367 1378 vero
389 1311 597 1394 instruxeris,
714 1309 735 1374 5

105 1419 242 1500 emeris,
265 1417 476 1498 liberaveris,

108 1522 188 1606 quid
210 1521 364 1606 prodest,
386 1521 420 1586 ui
442 1517 593 1586 eduxeris

105 1644 171 1690 uos
194 1625 236 1689 de
259 1625 410 1708 squalore
433 1621 601 1692 carceris?

103 1789 169 1857 Est
192 1807 306 1854 carcer
328 1789 459 1854 multum
481 1785 632 1853 horridus

107 1895 302 1958 tenebrosus
326 1911 365 1958 ac
386 1891 535 1974 foetidus,
694 1889 735 1952 to

106 1996 250 2080 impurus
273 1993 374 2060 omnis
396 1995 520 2059 aubnus

104 2100 249 2164 criminis
273 2099 334 2164 sibi
356 2099 512 2164 conscius.

107 2261 170 2330 Hic
192 2261 325 2325 multam
347 2260 411 2325 fert
433 2259 604 2342 miseriam,

105 2366 202 2449 panis
225 2366 303 2429 vitae
326 2365 519 2447 carentiam,

110 2491 204 2553 aquae
226 2471 312 2534 vivae
334 2469 518 2553 penuriam,
689 2463 735 2526 15

108 2595 200 2640 verae
222 2575 305 2640 lucis
325 2573 476 2656 inopiam.

106 2727 231 2801 Verme
252 2733 367 2796 mentis
392 2730 587 2814 corroditur,

105 2839 215 2924 culpae
239 2837 388 2902 foetorem
410 2836 546 2920 patitur,

106 2943 206 3012 luxus
229 2941 347 3004 affectu
368 2940 485 3020 uritur,

106 3053 214 3111 metus
237 3043 359 3124 frigore
382 3041 559 3122 stringitur.
691 3036 733 3100 20

110 3209 174 3274 Tot
195 3206 345 3272 formidat
367 3205 539 3290 supplicia,

107 3319 190 3395 quot
211 3309 414 3394 perpetravit
436 3309 572 3388 scelera,

107 3417 185 3479 binc
206 3416 415 3478 iustrumenta
437 3413 531 3476 varia

108 3521 172 3585 sibi
196 3526 308 3583 assunt
330 3517 479 3602 poenalia.

111 3685 185 3750 Jam
203 3685 273 3768 jam
296 3684 455 3766 gehenuae
478 3680 630 3763 traditus,
694 3680 736 3741 25

110 3796 148 3854 ut
169 3789 377 3853 inflammetur
400 3788 543 3871 ignibus,

108 3893 160 3958 sic
182 3894 284 3976 culpae
310 3893 425 3954 viv'ens
449 3891 571 3955 animus
605 3901 608 3910 “

104 3997 272 4082 cruciatur
294 3999 468 4062 timoribus.

102 4165 212 4230 {Poena
233 4165 294 4228 sibi
316 4162 508 4246 gravissima

102 4275 159 4330 est
181 4266 270 4330 foeda
291 4263 501 4346 conscientia,
691 4263 733 4326 30

106 4389 183 4432 nam
206 4377 365 4436 tormenta
387 4376 531 4432 tartarea

102 4474 169 4538 seit
192 4493 251 4538 sua
273 4475 344 4538 fore
366 4475 507 4558 praemia.

103 4637 189 4705 Haec
212 4641 283 4723 quis
305 4659 444 4723 unquam
467 4638 637 4721 evaderet,

103 4743 140 4808 ni
163 4743 244 4809 deus
267 4743 363 4809 homo
386 4743 479 4809 fieret

787 837 1012 922 hominemque
1035 839 1211 907 redimeret
1371 845 1418 910 88

787 959 828 1006 ac
850 939 891 1006 de
914 941 1017 1026 culpis
1040 939 1218 1008 educeret?

787 1103 905 1170 Omnes
927 1105 1024 1192 eulpa
1047 1107 1260 1192 concipimur,

787 1210 963 1276 enutrimur
985 1227 1025 1276 ac
1046 1212 1218 1296 nascimur,

786 1312 895 1378 mundi
917 1315 958 1378 ab
984 1309 1057 1378 bac'
1071 1313 1251 1400 educimur,

787 1415 902 1480 naue
928 1415 1186 1502 conjungimur.
1367 1417 1414 1486 ro

788 1581 850 1664 Te,
874 1581 1051 1647 fabricator
1073 1581 1194 1666 saeculi,

786 1688 900 1770 praebe
922 1693 1117 1770 praesentem
1139 1683 1275 1770 bomini,

787 1789 911 1854 donans
934 1789 1069 1854 formam
1090 1789 1239 1872 remedii,

787 1913 851 1980 quo
879 1893 1087 1959 subtrabatur
1109 1893 1243 1960 carceri.

785 2058 837 2126 Da
858 2058 966 2140 uobis,
988 2057 1061 2122 fons
1082 2055 1262 2142 munditie,
1366 2055 1413 2121 ts

786 2163 924 2227 nitorem
947 2161 1168 2244 conscientias,

785 2275 821 2332 ut
843 2268 876 2330 iu
899 2285 939 2330 ea
961 2272 995 2330 tu
1018 2263 1130 2328 sedule

787 2369 931 2452 digneris
953 2369 1169 2451 requiescere.

787 2529 894 2597 Aufer
916 2530 1066 2612 quodque
1090 2527 1291 2594 obstaculum
1407 2608 1413 2618 Ι

786 2635 871 2699 inter
893 2649 953 2696 uos
976 2639 1010 2695 et
1032 2639 1064 2694 te
1087 2629 1241 2711 medium,
1370 2623 1414 2690 50

786 2745 822 2802 ut
845 2737 902 2800 tibi
927 2733 1144 2799 habitaculum

788 2841 830 2904 sit
855 2859 912 2905 cor
934 2847 1078 2904 nostrum
1101 2834 1325 2919 gratissimum.

786 3007 885 3074 Priva
907 3021 967 3068 nos
989 3002 1187 3085 ignorantia,

789 3131 861 3193 quae
883 3109 968 3172 mala
990 3107 1086 3170 docet
1108 3105 1261 3190 plurima,

789 3215 937 3295 donaque
959 3211 1019 3276 uos'
1042 3207 1176 3276 scientia
1370 3201 1414 3265 55

788 3318 919 3399 horum,
942 3335 1015 3398 quae
1038 3322 1111 3378 sunt
1133 3312 1233 3378 utilia.

790 3482 876 3550 Cura
898 3483 975 3548 mali
996 3480 1210 3566 pruriginem,

787 3585 947 3672 peccandi
970 3581 1248 3660 consuetudinem,

788 3691 891 3755 reduc
913 3697 1000 3752 tuam
1021 3686 1194 3767 imaginem

788 3796 822 3859 iu
844 3795 986 3857 nativam
1007 3790 1174 3871 originem.
1370 3780 1416 3846 60

789 3956 943 4021 Transfer
965 3954 1024 4017 irae
1046 3952 1087 4016 de
1111 3950 1185 4015 filiis

785 4079 846 4126 uos
868 4061 901 4122 in
924 4057 1007 4121 filios
1030 4057 1172 4138 luminis,

786 4167 841 4250 qui
862 4165 908 4228 tui
931 4181 1037 4228 sumus
1060 4161 1213 4242 nominis,

786 4269 883 4332 simus
907 4273 940 4328 et
962 4265 1038 4328 vitae
1062 4263 1223 4346 simplicis.

784 4429 980 4513 Exstirpatis
1004 4426 1184 4490 defectibus

727 4523 730 4530 ’
785 4556 826 4602 ao
847 4534 1030 4600 reformatis
1052 4531 1174 4595 viribus

784 4659 875 4704 mens
899 4639 1014 4702 divinis
1035 4635 1208 4701 virtutibus

785 4750 962 4810 renovetur
984 4737 1206 4902 perfectius&
