3316 5358
1 2785 3 2846 l

1376 337 1468 411 387,

224 523 336 596 Gregor
355 524 380 580 d.
398 523 444 581 Gr.
468 523 621 580 bolandelt
643 525 672 579 in
696 523 771 580 nivei
794 521 1007 582 ausiihrliolren
1024 525 1135 584 Stellen
1153 527 1206 584 den
1224 526 1369 600 tigliclnen
1386 529 1447 588 und

130 611 295 686 Jihrlichen
310 611 371 667 l'od
390 612 441 667 der
454 611 545 665 Natur
564 611 620 666 und
633 611 678 666 ihr
691 609 941 670 Wiederaufleben
959 613 1003 668 als
1021 615 1083 672 eine
1097 613 1239 673 Parallele
1253 615 1302 672 des
1315 619 1445 674 mensch·

134 700 228 755 lichen
242 699 334 754 'l'odes
348 699 405 754 und
418 699 468 754 der
480 695 698 772 Auserstelrnng.
720 700 771 755 Die
789 700 879 755 Natnr
898 701 976 756 ahmt
993 702 1101 773 tiglicln
1119 702 1175 758 und
1190 703 1316 776 jihrlicln
1335 719 1442 761 unsern

132 786 197 844 'lod
220 786 277 841 und
299 803 384 841 unsre
407 783 620 858 Anierstelnung
643 786 672 841 in
695 786 784 844 iurem
802 785 937 843 Verlanie
962 789 1049 859 nach,
1081 789 1137 846 und
1154 803 1238 846 menn
1256 791 1307 846 der
1325 791 1443 849 llenscla

134 874 223 928 sehon
242 888 293 928 aus
311 873 404 930 dieser
422 873 626 946 Beobechtung
643 873 719 928 scine
733 870 858 930 Zuliunft
874 875 1030 932 schiiessen
1047 874 1131 946 laum
1149 893 1183 932 so
1197 877 1247 931 het
1260 876 1328 934 Gott
1341 877 1441 934 desen

132 959 253 1016 Schluss
271 958 358 1015 durch
376 959 420 1014 die
438 956 649 1034 Auferstehung
668 960 774 1016 Christi
797 961 869 1016 anch
887 978 938 1016 aur
955 963 1196 1034 geschichtlichen
1213 963 1368 1020 Walrrheit
1384 963 1444 1020 und

132 1046 305 1103 liewissheit
322 1047 454 1102 erhobeu
488 1045 579 1102 tenen
596 1047 748 1102 Menschen
766 1047 848 1118 olso,
867 1047 978 1104 welche
996 1049 1042 1106 die
1060 1047 1254 1122 Oiienbarnng
1271 1051 1346 1107 nocln
1362 1051 1444 1108 nicht

133 1133 258 1204 konnen,
290 1133 353 1207 gibt
376 1134 426 1190 der
444 1133 582 1189 Woolnsel
605 1133 655 1189 des
678 1134 869 1190 Natnrlebens
888 1135 1057 1208 Anleitnng,
1089 1135 1143 1192 anf
1156 1137 1202 1192 die
1220 1137 1351 1194 ilnliolne
1369 1137 1444 1194 Ver·

131 1223 282 1296 iindorung
306 1224 355 1279 des
378 1221 586 1278 menschlichen
608 1221 718 1276 lebena
742 1239 778 1277 nn
806 1222 960 1278 schliessen
983 1223 1039 1278 und
1063 1223 1187 1279 dadurcln
1211 1221 1259 1280 iirr
1282 1225 1328 1280 die
1346 1221 1445 1281 onen-

133 1310 245 1381 barung
268 1308 460 1382 empfinglicln
488 1329 523 1366 uu
546 1309 676 1380 werden3
708 1310 778 1384 jone
802 1309 886 1380 aber,
912 1311 1024 1365 welche
1048 1309 1092 1366 die
1111 1309 1304 1384 Offenbernng
1321 1311 1444 1380 konnen,

133 1395 240 1451 missen
258 1397 396 1466 dadnrcln,
429 1398 495 1452 dass
513 1398 566 1452 der
582 1395 761 1468 periodische
781 1397 920 1452 Weclssel
938 1398 987 1452 des
1005 1397 1196 1454 Netnrlebens
1213 1399 1264 1455 mit
1281 1398 1343 1453 dem
1360 1395 1441 1454 'lude

135 1483 187 1538 der
204 1483 379 1540 Menschheit
395 1499 441 1540 am
454 1485 593 1559 jirngsten
612 1483 691 1557 Tage
715 1501 777 1540 num
794 1485 950 1541 Absolnluse
969 1487 1081 1542 kommt
1116 1486 1185 1541 Wie
1203 1486 1273 1542 vveit
1290 1485 1367 1540 disse
1386 1485 1443 1540 Be·

133 1569 286 1641 trachtung
304 1571 355 1626 der
368 1572 459 1626 Natur
476 1587 533 1626 von
551 1571 629 1626 einer
647 1572 832 1642 empirischen
849 1573 920 1628 oder
934 1570 1142 1631 fatalistisclnen
1155 1573 1273 1632 Amisit
1291 1570 1443 1626 derselben

134 1653 260 1712 entiernt
277 1657 328 1726 ist,
356 1655 462 1714 beders
475 1657 573 1712 lreines
591 1657 753 1728 Beweises,
780 1658 840 1713 wol
858 1658 928 1714 aber
946 1659 985 1714 ist
1002 1675 1034 1714 es
1051 1659 1189 1730 nitaliclo,
1222 1658 1316 1730 einige
1334 1657 1443 1727 Haupt·

132 1743 237 1799 stellen
250 1743 376 1817 Gregors
391 1743 573 1814 anuntiihren,
591 1761 637 1800 um
650 1746 727 1801 seins
741 1747 932 1819 Ansclnanong
944 1746 1055 1801 konnen
1068 1763 1103 1801 ou
1116 1747 1222 1802 lernen.
1239 1744 1338 1803 llorel
1350 1745 1391 1813 14,
1401 1743 1440 1798 re

132 1836 200 1903 sagt
218 1847 250 1886 er
268 1847 361 1904 gegen
379 1832 424 1887 die
437 1833 570 1905 Liugnor
588 1834 639 1892 der
651 1833 863 1906 Auierstehung
882 1835 931 1892 dee
944 1835 1101 1892 Flelsclnee:
1120 1833 1168 1905 qui
1180 1833 1207 1890 si
1219 1829 1441 1889 resurrectionis

133 1914 217 1996 fidem
239 1935 274 1974 ex
300 1919 461 1974 obedientia
483 1936 540 1976 non
564 1926 674 1994 tenent,
706 1928 783 1980 certe
801 1909 874 1978 hanc
891 1927 987 1979 unere
1005 1937 1043 1978 eo
1060 1925 1161 1978 ratione
1179 1920 1343 1976 debuerant
1378 1913 1443 1990 quid

131 2009 201 2061 enim
225 2007 335 2076 qnotidie
357 2010 407 2061 nisi
429 2012 648 2064 resurrectionem
669 2015 787 2065 nostrmn
815 2014 843 2065 in
861 2013 991 2066 ennensi
1013 2013 1066 2066 evis
1089 2009 1201 2066 mundns
1223 2006 1357 2063 inimtvr?
1387 2015 1443 2076 per

133 2091 298 2161 quotidiana
315 2091 420 2160 qnippe
434 2097 575 2146 momenta
592 2093 641 2146 lux
658 2095 722 2162 ipsa
740 2096 906 2164 temporalis
925 2099 998 2168 mosi
1014 2097 1138 2165 montier,
1158 2095 1222 2150 dum
1240 2091 1442 2164 supervenien-

132 2176 209 2232 tibus
227 2175 319 2230 noctis
338 2175 461 2229 tenebris
480 2191 523 2245 ea,
542 2191 604 2246 qnae
622 2179 826 2248 aspiciebatur,
845 2181 1035 2251 subtrahitur,
1054 2188 1083 2238 et
1099 2187 1173 2252 prosi
1189 2181 1300 2254 protrito
1316 2179 1441 2247 remensi,

134 2263 198 2318 dum
214 2262 264 2316 lux
281 2262 379 2318 ablata
398 2261 488 2318 oculis
507 2264 661 2334 suppressi
678 2264 780 2318 iterum
798 2271 882 2319 nocte
900 2273 1057 2336 reparatur.
1091 2267 1147 2322 Per
1164 2270 1304 2321 momente
1321 2277 1442 2334 quasque

133 2353 289 2420 temporum
307 2349 443 2420 cernimus
461 2349 578 2405 arbusta
595 2349 768 2406 viriditatem
784 2348 919 2405 foliorum
933 2351 1071 2420 amittere,
1089 2349 1261 2406 efrootuum
1274 2348 1440 2421 prolatione

134 2451 264 2505 cessare,
296 2441 325 2491 ct
348 2451 413 2492 ecce
438 2436 532 2492 subito
557 2437 637 2507 quasi
655 2455 689 2493 ex
707 2438 848 2492 arescenti
865 2437 946 2509 ligno
964 2441 1033 2494 oens
1050 2439 1162 2510 piendam
1178 2441 1370 2494 annectunt
1387 2450 1440 2492 vt-

130 2527 220 2579 en‘cntc
243 2523 370 2578 videmus
394 2521 465 2582 folia
491 2539 651 2595 erumpere,
682 2523 792 2581 fructos
811 2526 1001 2598 grandescere
1018 2530 1048 2581 et
1064 2529 1155 2582 toturn
1172 2525 1304 2581 arborem
1321 2525 1443 2580 redivivo

132 2610 236 2666 decore
259 2611 366 2666 vestiri
403 2612 595 2666 Indesinenter
619 2613 756 2668 cernimus
780 2628 871 2684 parva
895 2613 1029 2669 arborum
1047 2614 1153 2669 semina
1169 2618 1257 2669 terreo
1274 2611 1440 2669 humoribus

133 2698 330 2770 commendari,
348 2716 383 2754 ex
401 2699 502 2770 quibus
519 2702 577 2755 non
595 2697 682 2772 longe
700 2705 767 2771 post
784 2700 934 2770 aspicimus
951 2715 1055 2772 magne
1072 2701 1188 2757 arbusta
1201 2716 1328 2774 surgere.
1346 2729 1378 2740 -
1397 2697 1440 2756 Er

131 2782 213 2842 fiihrt
232 2786 291 2842 dies
309 2788 383 2843 noch
401 2788 502 2843 weiter
520 2805 572 2842 aus
590 2787 646 2842 und
663 2794 731 2860 segt
748 2789 870 2844 sodann:
890 2788 956 2859 qnia
973 2800 1046 2860 crgo
1064 2791 1205 2844 ratmnnlce
1222 2805 1316 2844 snmus
1334 2787 1442 2856 condit,

127 2891 204 2947 spem
226 2881 424 2932 resurrectionis
441 2881 538 2932 nostro
557 2891 594 2932 cc
612 2880 668 2947 ipen
686 2878 806 2933 delemus
822 2892 914 2935 renim
930 2881 1014 2947 specie
1031 2881 1056 2932 et
1072 2879 1284 2948 eminentiore
1306 2876 1439 2944 cotiiqcre,

132 2961 183 3018 sed
200 2965 265 3033 qnia
283 2964 312 3018 iu
329 2965 412 3019 nobis
431 2981 528 3019 sensus
546 2965 656 3035 torpuit
673 2965 801 3033 rationis,
822 2969 927 3020 mosseit
944 2969 972 3020 in
990 2953 1136 3034 ioenpnm
1152 2967 1238 3034 qratia
1251 2963 1440 3032 redemptum

133 3050 212 3103 venit
229 3066 346 3120 namque
364 3052 482 3106 condior
500 3055 616 3120 noster,
634 3056 744 3121 suscepit
759 3057 883 3122 mortem,
902 3054 1011 3108 ostendit
1026 3055 1254 3120 resurrectionem,
1272 3054 1305 3104 nt
1322 3047 1369 3118 qni
1386 3061 1440 3102 se·

127 3141 300 3194 svircctionis
323 3153 395 3208 mem
420 3155 454 3193 ex
477 3143 579 3193 ratione
598 3144 695 3194 tenere
713 3140 867 3214 noluimus,
899 3141 971 3196 hano
988 3157 1023 3196 ex
1038 3139 1102 3212 ejus
1119 3139 1250 3206 Mjretorio
1267 3139 1297 3190 et
1314 3133 1439 3202 coempto

134 3228 301 3280 teneremus.
336 3226 366 3280 ln
384 3225 530 3298 iihnliclrer
542 3226 642 3280 Weiss
661 3228 772 3282 dussert
790 3243 822 3284 er
840 3229 901 3282 sich
918 3229 948 3283 in
965 3228 1062 3284 seinen
1075 3225 1213 3282 llomilien
1229 3239 1291 3279 unm
1304 3217 1439 3280 Ezechiel

134 3312 198 3383 (lib.
216 3315 242 3381 2,
260 3314 285 3384 8,
304 3317 346 3384 i).
381 3313 472 3369 Valde
490 3313 609 3387 lugubre
627 3319 686 3383 est,
713 3314 788 3385 quod
805 3316 941 3384 quosdam
958 3315 988 3368 in
1006 3311 1127 3370 ecclesia
1144 3317 1221 3367 stare
1239 3310 1321 3366 etde
1339 3307 1437 3364 cernis

132 3401 340 3455 resurrectione
359 3400 487 3456 dubitare
509 3401 714 3472 cognoscimus.
733 3433 765 3442 -
797 3401 896 3456 mirari
913 3403 1020 3470 solent,
1038 3400 1160 3471 qualiter
1178 3414 1246 3454 caro
1264 3397 1441 3454 reviviscere

132 3487 225 3558 possit
251 3504 285 3542 ex
311 3487 436 3558 pulvere.
472 3489 609 3550 mirentur
632 3489 722 3559 igitur
746 3488 922 3542 altitudinem
948 3487 1026 3557 coeli,
1057 3489 1161 3544 molem
1182 3491 1285 3556 terrae,
1316 3485 1443 3555 abyssos

130 3589 281 3643 aquarum,
311 3575 419 3643 omnia,
438 3576 548 3644 quaein
566 3577 668 3631 mundo
685 3579 764 3645 sunt,
782 3576 862 3644 ipsos
881 3592 992 3646 quoqne
1009 3575 1130 3646 angelos
1149 3578 1262 3630 creatos
1280 3587 1315 3626 ex
1332 3571 1441 3627 nihilon

133 3660 222 3714 minus
241 3665 286 3715 est
303 3661 402 3730 valde,
426 3660 532 3730 aliquid
550 3679 586 3718 ex
603 3661 699 3734 aliquo
716 3659 831 3732 iacere,
861 3679 944 3732 quam
961 3664 1054 3718 omnia
1072 3678 1107 3719 ex
1123 3663 1212 3718 nihilo
1231 3659 1341 3716 fecisse.
1375 3660 1443 3729 Ipso

131 3749 206 3803 notis
224 3752 355 3819 elemento,
374 3753 436 3819 ipse
454 3763 546 3804 rerum
565 3753 662 3820 spectes
679 3754 880 3805 recorrectionis
896 3753 1034 3820 imaginem
1048 3753 1200 3822 predicant.
1224 3747 1270 3803 eol
1282 3747 1355 3801 enim
1369 3761 1442 3815 qno-

132 3837 203 3892 tidie
221 3838 327 3892 nostris
347 3837 436 3893 oculis
455 3842 581 3908 moriar,
600 3839 725 3910 quotidie
743 3843 871 3911 remrein
897 3839 991 3894 stella
1008 3837 1152 3894 matutinis
1170 3835 1248 3892 horis
1266 3833 1348 3890 nobis
1367 3836 1445 3889 occi-

132 3926 209 3996 dnnt,
237 3926 350 3996 vesperi
374 3930 528 3996 resurgunt·
559 3925 676 3984 arbusta
705 3927 812 3982 aestivis
836 3926 1009 3996 temporibus
1036 3926 1121 3996 plena
1141 3921 1236 3992 foliis,
1261 3919 1379 3978 floribus
1403 3934 1442 3979 ao

133 4011 272 4068 fructibus
296 4013 440 4084 videmos,
473 4031 535 4086 quae
560 4015 673 4070 hiemali
697 4021 825 4086 tempore
850 4014 925 4069 nuda
942 4012 1034 4082 foliis,
1064 4007 1183 4066 floribus
1201 4024 1235 4065 ec
1252 4005 1390 4063 fructibus
1408 4009 1443 4065 et

132 4101 214 4172 qnasi
232 4101 312 4156 arida
330 4106 482 4172 remanent,
500 4102 551 4158 sed
568 4101 679 4158 vernali
697 4103 760 4166 sole
778 4102 921 4172 redeunte,
941 4116 1002 4156 cum
1019 4115 1038 4156 a
1054 4098 1150 4154 radice
1163 4096 1263 4152 humor
1276 4094 1444 4165 surrexerit,

131 4205 185 4244 sno
203 4189 307 4244 iterum
324 4190 428 4246 decore
447 4191 612 4246 vestiuntur.
641 4191 695 4247 Cor
712 4207 777 4262 creo
795 4193 827 4246 dc
845 4190 987 4246 horninibus
1004 4186 1139 4258 diffiditur,
1158 4185 1226 4256 qimi
1240 4183 1300 4253 ficri
1317 4187 1345 4239 in
1363 4183 1441 4252 tonis

130 4279 254 4334 moenr?

315 4481 403 4558 285.
429 4481 566 4552 Versus
592 4482 825 4554 confessionis
852 4480 896 4552 de
922 4479 1018 4551 luctu
1043 4480 1264 4577 poenitentiae.

418 4631 476 4702 Ad
498 4634 572 4699 coeli
594 4634 685 4699 clara
705 4651 771 4698 non
794 4652 864 4698 sum
887 4631 1005 4717 dignus
1028 4631 1138 4696 sidera

418 4739 531 4804 levare
552 4755 643 4803 meos
664 4737 812 4804 infelices
835 4737 962 4821 oeulos,

1164 4830 1236 4903 25*
