3324 5358
217 289 284 356 000

217 476 405 566 desiderare
427 477 574 544 nesciunt
900 489 1011 540 amore
1033 469 1155 538 Christi
1175 473 1319 556 langueo

216 584 278 646 uisi
299 581 426 665 iesum,
450 601 545 664 quem
569 580 715 664 diligunt.
899 583 933 639 et
955 573 1056 640 conde
1077 582 1164 642 totus
1188 577 1298 641 ardeo.

216 743 375 818 Desidere
397 752 430 809 te
452 746 582 828 millies,
897 734 1045 807 Aeterna
1063 746 1124 806 ete.

215 849 260 912 mi
281 847 375 930 Jesn,
399 847 528 930 quando
546 847 677 930 venies,
801 846 846 912 50

217 951 346 1034 quanio
368 971 419 1015 me
441 951 552 1014 laetum
574 951 690 1028 facies,
1092 957 1142 1026 ad
1166 979 1341 1054 vespm„

216 1073 270 1118 rue
292 1053 333 1116 do
355 1061 388 1117 te
413 1052 541 1136 quando
564 1052 687 1118 saties‘l

897 1133 995 1202 Jesas
1017 1131 1086 1196 sole
1109 1133 1301 1215 praeclarior

216 1215 365 1283 Aeterni
387 1222 447 1280 θῑθ·
897 1244 931 1300 et
952 1236 1097 1300 balsamo
1121 1237 1268 1320 suavior,

898 1340 984 1405 omni
1006 1339 1140 1403 dulcore
1163 1339 1302 1425 dulcior,

417 1411 467 1482 ad
491 1419 635 1482 sextam.
895 1463 969 1528 paae
990 1444 1113 1510 ennon
1136 1446 1313 1510 amabilior.

216 1561 315 1644 Jesu,
338 1579 461 1626 summa
482 1561 681 1644 benignitas,

215 1667 297 1738 mira
322 1667 430 1731 cordis
448 1666 650 1750 jocunditas,

216 1769 486 1853 incomprehensa
508 1770 651 1850 bonitas,
800 1772 844 1836 55

216 1877 273 1935 tua
294 1890 345 1934 me
368 1871 497 1954 stringit
520 1871 648 1936 caritas.

896 1609 945 1673 Tu
966 1609 1081 1674 mentis
1104 1609 1297 1694 delectatio,

894 1713 1013 1778 amoris
1037 1715 1285 1798 consummatio,

894 1825 930 1881 tu
951 1837 1025 1881 mea
1047 1818 1215 1901 gloriatio,

894 1918 990 2001 Jesu,
1013 1919 1122 1984 mnndi
1144 1919 1293 1986 salvatio.

216 2031 341 2098 Bonrun
363 2033 440 2098 mihi
462 2033 600 2117 diligero

215 2135 337 2218 Jesum,
360 2135 406 2198 nil
427 2135 513 2200 ultra
535 2155 696 2220 quaerere,

215 2241 292 2304 mihi
313 2259 449 2323 prorsus
472 2240 623 2324 deficere,

215 2351 251 2409 ut
272 2343 320 2408 illi
343 2363 458 2426 queam
480 2344 602 2409 vivere.
801 2345 842 2411 00

893 2082 992 2148 Jesus
1014 2089 1129 2148 auctor
1151 2083 1348 2166 clementiae,

893 2185 992 2248 totius
1015 2203 1091 2268 spes
1113 2186 1252 2268 laetitiae,

894 2286 1036 2358 dulcoris
1059 2287 1132 2351 fons
1156 2294 1189 2352 et
1211 2287 1346 2371 gratiae,

893 2411 984 2456 verae
1007 2392 1115 2456 cordis
1139 2392 1274 2460 deliciae.

214 2504 297 2580 lesu
318 2506 361 2569 mi
383 2505 607 2590 dilectissime,
745 2589 748 2601 „

215 2627 292 2693 spes
315 2611 505 2694 suspirantis
528 2613 659 2697 animae,

214 2720 247 2778 te
271 2721 418 2795 quaenunt
439 2715 503 2802 piae
525 2715 667 2782 lacrimae
1028 2753 1078 2825 ad
1100 2751 1369 2850 mmmmm

215 2825 249 2882 et
271 2818 392 2883 clamor
414 2820 529 2883 mentis
551 2821 680 2887 intimae.
1300 2829 1301 2834 ’

779 2549 782 2556 ’
893 2553 1042 2622 Aeterna
1064 2565 1126 2624 etc.

892 2931 990 2998 Jesus
1008 2930 1041 2994 in
1063 2950 1146 3016 pace
1169 2931 1322 3016 imperat,

893 3056 967 3120 quae
990 3056 1116 3102 omnem
1138 3054 1268 3102 sensum
1290 3045 1432 3122 superat,
1480 3041 1524 3104 00

422 3153 473 3226 ad
494 3179 632 3229 nonam,
892 3141 978 3206 hanc
999 3161 1072 3205 mea
1094 3159 1186 3205 mens
1213 3139 1378 3206 desiderat

893 3251 926 3308 et
947 3244 1004 3309 illa
1026 3244 1090 3310 frui
1111 3251 1278 3330 properat.

214 2977 362 3046 Aeterna
382 2988 443 3048 etc.

216 3301 412 3386 Quocunque
436 3305 510 3370 loco
532 3306 644 3389 fuero,
798 3310 839 3374 65

213 3425 338 3472 mecum
361 3408 474 3473 Jesum
497 3407 666 3494 desidero,
833 3475 835 3480 ,
892 3409 939 3474 'l'e
962 3409 1036 3474 coeli
1058 3409 1176 3475 chorus
1198 3410 1358 3496 praedicat

215 3528 310 3591 qnam
332 3509 425 3592 felix,
445 3529 518 3582 oum
538 3513 711 3598 invenero,
891 3519 925 3579 et
946 3520 1018 3578 tuas
1040 3513 1155 3579 laudes
1177 3515 1331 3604 replicat,

214 3631 310 3699 quarn
331 3613 441 3699 laetus,
465 3635 562 3701 quum
583 3618 734 3684 tenuero!
890 3617 997 3706 Jesus
1011 3620 1128 3684 orbem
1141 3617 1287 3684 laetificat
1437 3617 1442 3620 ’
1478 3622 1520 3685 95

890 3727 924 3785 et
945 3739 1005 3786 uos
1028 3721 1091 3785 deo
1113 3720 1275 3806 pacificat.

213 3779 302 3844 Tunc
324 3781 505 3864 amplexus,
528 3787 606 3846 tnnc
628 3783 748 3867 oscula,
1001 3837 1004 3839 ,

213 3901 285 3965 quae
306 3884 439 3948 vincunt
456 3885 559 3948 mellis
577 3887 704 3969 pocula,
794 3889 835 3952 10
890 3884 989 3950 Jesus
1012 3884 1054 3949 ad
1075 3891 1202 3969 patrem
1224 3883 1336 3968 rediit,

212 3993 289 4050 tuuc
306 3987 385 4051 felix
409 3985 529 4053 Christi
552 3992 684 4074 copula,
892 3989 1025 4055 coeleste
1047 4008 1184 4071 regnum
1206 3989 1317 4072 subiit,

212 4089 271 4153 sed
293 4091 326 4154 iu
348 4090 398 4155 his
420 4094 530 4158 brevis
553 4095 686 4160 morula.
893 4110 951 4158 cor
971 4111 1120 4156 meuma
1140 4111 1192 4156 me
1215 4092 1358 4175 transiit,

211 4253 301 4338 Jam,
324 4254 410 4337 quod
434 4257 582 4340 quaesivi,
605 4257 718 4342 video,
806 4291 807 4296 1

213 4358 299 4441 quod
322 4360 502 4444 concupivi,
525 4369 636 4444 tenco,
682 4353 686 4362 ’
890 4360 1038 4430 Aeterna
1060 4371 1121 4432 etc.

302 4505 445 4609 Pergelis.
464 4553 490 4593 o.
508 4537 561 4592 No.
580 4553 615 4591 nu
632 4533 799 4608 Fraukfurt,
817 4537 846 4593 in
864 4537 968 4609 Octav,
992 4536 1036 4594 Bl.
1054 4539 1112 4593 109.
1139 4554 1190 4594 aua
1209 4539 1271 4593 dem
1290 4539 1325 4592 ll
1341 4537 1438 4594 Jahrh.
1458 4541 1518 4608 (A)

212 4621 308 4678 Dicaea
332 4625 400 4691 Lied
422 4625 497 4679 wirrl
523 4625 587 4680 dom
602 4625 628 4678 ln.
643 4626 787 4682 Bernhart
810 4642 867 4682 von
886 4625 1039 4683 Clairvaux
1062 4627 1291 4700 nngeschnieben
1307 4627 1364 4686 und
1387 4626 1466 4681 steht
1487 4626 1527 4680 im
1647 4653 1648 4710 3

213 4709 308 4764 soiuen
325 4712 453 4774 Wenken
471 4719 555 4775 anter
574 4713 635 4774 dem
649 4713 724 4780 'litel
732 4714 843 4794 jpbilua
856 4715 885 4770 in
899 4717 1191 4778 commemorationem
1205 4717 1355 4782 doninica,
1365 4715 1527 4789 passionis,
1647 4765 1648 4794 ,

891 4203 967 4285 post
989 4195 1101 4262 Jesum
1123 4196 1216 4262 simul
1234 4197 1322 4264 abiit.
1456 4195 1520 4260 100
1647 4279 1648 4306 1
