3316 5358
215 715 307 798 Ι286.
348 721 407 796 De
434 719 714 796 consideratione
740 721 952 798 multimode
975 725 1124 798 miserie
1150 723 1320 800 humane.
1359 723 1521 825 hymnus,

217 943 335 1016 Mirum
357 953 423 1031 eet,
441 949 470 1013 ui
491 967 557 1014 nen
578 950 705 1033 lugeat,

217 1051 441 1138 experimento
464 1049 517 1135 qui
540 1056 668 1137 probat,

217 1153 305 1240 quod
326 1155 440 1220 vivere
461 1155 495 1220 iu
517 1156 639 1222 saeeulo

216 1254 326 1342 labor,
349 1257 459 1340 dolor,
482 1258 624 1326 afflietio.

215 1443 259 1512 lit
281 1445 428 1528 quemvis
447 1445 539 1529 juste
561 1445 690 1530 vixerit,
820 1449 841 1512 5

215 1553 324 1611 tumen
345 1546 399 1612 hie
420 1547 535 1612 vivens
558 1564 653 1612 nemo
675 1548 752 1632 seit,

215 1669 258 1714 au
283 1651 420 1732 eleetuu,
444 1671 485 1716 an
508 1653 669 1734 reprobus

215 1773 238 1828 e
260 1753 322 1818 deo
346 1755 388 1818 sit
409 1755 640 1838 preregrins.

214 1939 289 2008 Heu
315 1943 392 2026 quid
414 1943 502 2009 uliud
517 1945 632 2010 vivere

215 2047 249 2110 in
271 2045 369 2131 hujus
391 2049 501 2114 mundi
523 2065 673 2130 eareere,

215 2165 311 2232 quum
336 2165 357 2215 e
379 2151 442 2217 deo
465 2151 623 2217 recedere

213 2252 424 2336 paventisque
446 2271 483 2316 se
506 2252 674 2318 subdere?

212 2435 297 2504 Nem
320 2441 412 2508 euuui
434 2441 644 2526 safisfaeere,

212 2541 345 2608 eurioea
368 2551 526 2628 appetere

212 2663 362 2729 vaneque
385 2663 443 2711 eor
465 2643 639 2729 extollere,

212 2754 287 2812 suet
308 2745 445 2812 muudus
468 2766 545 2813 sues
568 2747 697 2814 deeere.

159 3002 162 3008 .
212 2933 273 3002 sie
293 2944 360 3002 tum
382 2937 485 3004 virtus
509 2937 686 3022 deseritur,

212 3040 364 3124 iniquitas
386 3041 570 3126 perficitur,

213 3151 329 3210 venter
349 3163 411 3228 pro
435 3147 497 3212 deo
521 3147 652 3232 colitur,

212 3248 257 3314 ed
278 3255 391 3315 vetum
415 3249 535 3318 mundo
557 3252 687 3318 vivitur.

211 3434 286 3506 Heu
307 3437 385 3521 quid
407 3437 495 3504 aliud
516 3439 642 3503 vivere

211 3541 245 3606 iu
267 3539 364 3624 hujus
386 3539 496 3606 mundi
518 3559 669 3626 caruere,

211 3665 307 3728 quam
329 3647 483 3710 inermem
506 3646 656 3710 eontinue

210 3750 290 3818 belli
315 3757 402 3815 utare
423 3750 457 3814 iu
482 3749 580 3816 avie?

209 3931 293 4003 Nan
314 3935 473 4002 instanter
496 3932 675 4020 eonfligere

209 4057 283 4103 eum
305 4039 440 4103 inimicis
464 4037 598 4122 anime,

209 4159 325 4224 earne,
347 4142 467 4206 munde
490 4163 530 4208 ee
552 4142 714 4226 daemene,

208 4265 294 4313 nune
315 4254 417 4313 totum
436 4247 519 4331 justi
540 4248 662 4312 vivere.

208 4428 263 4506 Ae
286 4445 402 4521 sponte
426 4456 554 4503 erueem
576 4437 708 4520 tollere,

208 4543 307 4608 menti
330 4562 461 4609 earnem
485 4543 648 4626 subjicere
792 4543 834 4607 30

894 951 928 1016 in
952 949 1079 1034 deeque
1102 951 1286 1034 quiescere,

894 1053 1000 1118 eultue
1023 1051 1140 1118 suadet
1157 1053 1304 1138 justitiae.

893 1239 965 1308 Heu
990 1237 1066 1323 quid
1089 1235 1177 1306 eliud
1198 1241 1312 1304 vivere

892 1344 926 1414 in
949 1343 1045 1428 hujus
1067 1343 1177 1410 muudi
1199 1362 1351 1426 eareere,

893 1469 990 1534 quern
1011 1448 1045 1512 in
1067 1465 1165 1513 raeeo
1188 1453 1221 1512 et
1243 1447 1353 1512 einere
1476 1445 1518 1510 35

892 1569 1011 1637 punem
1033 1550 1156 1616 doloris
1178 1549 1303 1616 edere?

892 1737 965 1806 Heu
985 1739 1064 1804 nihi
1087 1739 1220 1804 multum
1241 1738 1376 1821 misere,

893 1859 997 1924 eaeee,
1022 1842 1136 1925 surde,
1159 1841 1290 1922 eleudo,
1315 1858 1433 1924 eurvo,

892 1961 1015 2028 egeno,
1037 1943 1141 2026 nudo,
1164 1943 1335 2026 languido,

893 2047 1044 2114 damnato
1066 2047 1100 2111 in
1123 2045 1239 2111 exilio!
1474 2041 1519 2108 40

892 2234 965 2301 Heu
986 2235 1080 2317 mihi,
1104 2235 1179 2317 quia
1202 2231 1312 2300 deficit

890 2339 961 2404 uite
982 2358 1056 2404 men
1076 2338 1244 2405 doloribus

892 2447 926 2506 et
949 2441 1045 2508 enimi
1067 2442 1259 2524 gemitibus,

891 2545 1059 2612 timoribus
1082 2552 1116 2611 et
1137 2544 1283 2610 fletibus!

890 2733 963 2802 Heu
985 2731 1078 2814 nihi,
1099 2749 1175 2796 uam
1198 2749 1269 2796 sum
1290 2725 1436 2816 plurimis
1473 2729 1517 2796 45
1646 2739 1647 2750 ¹

890 2835 1137 2902 oireurneinetuu
1160 2833 1317 2917 miseriis,

891 2940 1057 3024 eorporis,
1079 2939 1205 3022 cerdis,
1228 2939 1377 3022 spiritns,
1403 3005 1406 3015 ,

890 3052 957 3110 tem
978 3043 1093 3110 diebus
1116 3061 1211 3127 quam
1232 3041 1397 3107 noetibusi

891 3231 990 3299 Solus
1013 3234 1088 3317 sim,
1112 3251 1171 3298 seu
1194 3250 1266 3298 eum
1288 3232 1375 3317 aliis,

891 3339 1005 3420 suune,
1027 3337 1129 3402 tristis
1153 3355 1213 3400 seu
1234 3335 1363 3419 hilaris,
1473 3333 1515 3399 50

890 3459 1033 3524 operans
1055 3458 1115 3504 seu
1137 3439 1275 3521 otiosus,

891 3543 1042 3609 aerumnis
1067 3561 1137 3608 sum
1159 3542 1385 3619 eirenmdetus.

890 3733 964 3800 Heu
985 3733 1151 3817 heuheu,
1181 3753 1276 3816 quem
1297 3734 1470 3798 innumeris

891 3837 1038 3905 eledibus
1060 3845 1095 3904 et
1115 3837 1253 3901 miseriis

890 3941 993 4005 omnis
1016 3940 1113 4004 hemo
1135 3944 1169 4004 et
1191 3937 1337 4020 singulus
1470 3940 1515 4002 55
1644 4001 1645 4014 ,

889 4043 943 4110 hie
964 4043 1080 4106 vivens
1102 4047 1153 4106 ese
1170 4041 1348 4106 involutus!

888 4229 1058 4314 linones,
1081 4249 1102 4297 o
1124 4251 1246 4298 summa
1267 4233 1407 4312 trinitas,

890 4357 991 4424 supra
1012 4339 1122 4405 muudi
1144 4341 1327 4423 angustias,

888 4449 924 4508 ut
946 4443 1004 4509 tibi
1027 4441 1139 4508 demus
1161 4443 1285 4527 gratias

889 4564 961 4612 eum
983 4549 1088 4613 beatis
1110 4555 1297 4632 perpetues.
1470 4545 1518 4610 60

297 4720 344 4778 fle.
363 4737 398 4776 uu
416 4719 572 4780 Karlsruhe
592 4719 665 4776 ohne
684 4719 824 4798 Numer,
843 4724 877 4781 15
894 4723 992 4783 suurn
1011 4724 1062 4789 nit
1080 4723 1129 4780 der
1146 4722 1276 4784 Melodie.
