3324 5358
20 4701 37 4770 t

138 535 186 594 -ut
207 529 381 612 reprobus,
411 543 476 590 non
499 525 622 590 clectus
834 525 910 607 quia
931 541 993 608 pro
1016 533 1049 590 te
1072 527 1269 613 cruciatus,·
1327 569 1330 578 ·

193 632 227 696 in
250 629 351 695 oculis
374 629 554 710 homiuum
877 634 912 692 tu
934 627 1068 710 quitatis
1091 628 1226 716 debitis,

193 733 228 798 id
250 733 348 799 homo
371 749 432 817 pro
455 740 488 796 te
510 739 620 796 totum.
833 736 867 793 et
890 730 965 813 quia
988 730 1206 818 glorificatus,

877 835 1045 899 coronaris
1068 838 1226 920 praemiis3

148 889 216 956 Pro
238 896 272 954 te
294 885 410 971 peres,
433 903 495 970 Pr⁰
517 892 550 950 e
572 903 685 950 ΝΜ
736 884 778 948 ⁵⁰
876 937 954 1020 qum
976 937 1072 1004 nomo
1095 941 1173 1006 mun
1194 959 1256 1026 pro
1280 943 1358 1009 nur

194 991 356 1074 perfossae
379 989 585 1072 saevissime,

150 1095 253 1180 spinis
275 1101 388 1178 caput,
412 1112 490 1156 ense
513 1093 599 1158 latus

195 1198 399 1263 vulneratum
420 1198 534 1282 impie,

153 1301 294 1384 felleque
316 1319 378 1385 1)Γο
400 1309 434 1366 λθ
456 1307 602 1385 limatus>
835 1325 1012 1412 deitatique
1034 1331 1124 1395 unita

197 1403 370 1471 offldffiffl
392 1403 550 1486 ussdlqlffli
739 1399 780 1464 55
876 1450 954 1496 mea.
972 1433 1020 1499 sio
1041 1433 1238 1520 humanitaS,

196 1509 363 1574 sichomo
386 1507 487 1572 dilexi
508 1515 550 1572 te.
834 1533 909 1600 hino
931 1535 989 1601 tibi
1011 1537 1052 1602 sit
1075 1537 1200 1606 infinita

834 1121 861 1188 0
884 1125 1003 1190 caritas
1027 1126 1189 1212 inaudita,
1425 1178 1428 1184 ·

876 1243 896 1290 ο
920 1227 1080 1311 stupenda
1101 1231 1208 1314 pietas
1421 1233 1464 1300 65

153 1643 237 1724 Quia
258 1663 319 1729 pro
342 1652 375 1710 te
398 1664 524 1728 pauper
546 1649 657 1726 natus,
877 1637 964 1721 laus,
987 1641 1157 1726 majestas,
1181 1645 1330 1730 claritas,

197 1757 233 1813 tu
256 1747 369 1812 ditaris
388 1747 523 1830 meritis,
877 1759 898 1806 ο
920 1745 1018 1809 beata
1040 1747 1179 1812 trinitas!
1417 1748 1462 1814 tc

245 1929 292 1985 us.
311 1947 346 1984 zu
364 1929 529 1999 surarum
549 1893 621 1985 oum
640 1927 778 1982 summo.
797 1927 837 1980 15.
856 1925 954 1982 imru
972 1926 1022 1982 mit
1040 1927 1090 1984 uer
1107 1928 1238 1988 nerone.

245 2070 281 2123 60
298 2070 432 2123 commis
450 2067 469 2122 f.
488 2069 615 2138 quitatis,
632 2069 688 2136 lle,
707 2068 767 2122 dies
785 2067 857 2122 habe
875 2067 921 2123 ich
939 2073 1058 2141 gesetut,
1075 2069 1145 2126 weil
1162 2088 1194 2128 es
1208 2073 1280 2130 auch
1293 2073 1416 2146 Ναλ66,
1426 2073 1464 2131 36

149 2156 238 2224 steht,
256 2154 382 2208 welches
400 2153 467 2208 Lied
485 2153 720 2208 wahrscbeinlioh
737 2169 795 2210 von
812 2154 973 2210 demsolbeu
991 2155 1142 2216 Verfasser
1159 2161 1205 2216 ist.

245 2294 278 2349 V.
297 2297 312 2348 1
331 2290 379 2365 dg.
405 2293 505 2350 Nonne
523 2296 636 2348 uesuas
654 2306 751 2348 ornnes
768 2290 881 2361 suscepi
897 2291 1039 2364 iuJ'uriast
1069 2309 1161 2350 noune
1179 2309 1284 2366 corpus
1300 2311 1392 2352 meum
1408 2311 1465 2370 pro

158 2381 243 2438 vobis
269 2382 379 2437 obtulit
415 2397 507 2438 nouae
531 2385 651 2456 mortem
674 2378 815 2450 appetivi,
847 2378 922 2449 quod
945 2395 1003 2434 non
1027 2385 1090 2434 erat
1105 2379 1268 2448 divinitatis
1291 2399 1379 2456 mere,
1411 2385 1466 2444 sed

157 2476 263 2528 vestrae
293 2470 495 2528 redemtionis?
530 2470 638 2525 haeciue
662 2465 824 2524 referuntur
847 2467 971 2539 gratiae?
1006 2469 1061 2522 boc
1084 2465 1207 2539 profecit
1231 2473 1346 2546 sanguis
1378 2489 1467 2545 mens,

157 2563 190 2614 ut
208 2575 252 2614 me
271 2558 354 2630 impie
374 2557 527 2630 negaretis,
546 2572 601 2628 pro
620 2555 720 2627 quibus
738 2555 795 2610 ista
812 2554 952 2610 sustinuit
987 2553 1017 2612 S.
1034 2557 1150 2613 Arutroc.
1169 2555 1277 2614 deiide
1296 2563 1323 2630 2,
1342 2561 1383 2636 ld.

247 2645 279 2701 V.
307 2647 331 2701 8.
350 2645 479 2718 abyssus.
507 2645 559 2699 Dei
577 2641 794 2716 magnitudinem
812 2657 894 2698 nemo
913 2642 1003 2713 capit,
1022 2644 1201 2713 presentiam
1218 2662 1301 2704 nemo
1319 2644 1401 2720 fugit,
1419 2662 1467 2709 se·

83 2781 85 2788 ,
156 2738 264 2789 oretum
287 2749 369 2790 nemo
396 2732 516 2801 invenit,
548 2731 729 2803 splendorem
752 2729 845 2786 nullus
870 2730 992 2802 attingit.
1029 2731 1150 2804 Capreob·
1167 2734 1252 2805 episc.
1269 2736 1400 2808 rescript.
1418 2751 1467 2809 ap.

148 2822 285 2877 ,δι’νυισαέ.
306 2837 370 2892 opp
389 2824 413 2895 1,
431 2823 492 2874 217.

245 2908 278 2962 V.
297 2909 320 2962 9.
348 2909 438 2964 Homo
464 2923 482 2962 a
500 2922 531 2962 se
550 2902 614 2960 fleri
631 2921 688 2961 non
706 2905 814 2976 potnit,
840 2917 893 2959 nec
911 2904 1011 2962 beatus
1028 2901 1092 2960 fieri
1108 2923 1127 2962 a
1145 2923 1175 2962 ee
1194 2913 1303 2981 potest;
1339 2911 1466 2968 uliares

156 3012 220 3052 eum
237 2993 306 3051 fecit
324 2995 476 3064 hominem,
495 2994 572 3066 quod
589 3009 646 3048 non
663 2993 726 3064 ipse
744 2997 788 3048 est
805 2993 904 3049 homo:
929 2992 1051 3048 uliares
1069 3011 1132 3050 euin
1149 2994 1261 3055 factura
1279 2999 1466 3070 est‘beatuur,

158 3083 234 3155 quod
251 3099 308 3138 non
326 3088 371 3138 est
388 3083 450 3153 ipse
468 3083 562 3136 bomo.
597 3081 729 3150 Ακμυελίυ.
748 3080 783 3134 de
802 3079 911 3150 discipl.
929 3080 1024 3136 christ
1043 3083 1067 3136 6.

245 3169 279 3226 V.
298 3173 331 3224 17
348 3167 395 3242 lg.
431 3167 500 3242 μετὰ
524 3166 572 3240 τὴν
594 3163 727 3237 τοσαύτην
752 3164 911 3242 παρακοήν,
942 3165 1011 3240 μετὰ
1034 3169 1154 3225 τοσαύτα
1182 3169 1381 3249 ἁμαρτήματα,
1413 3170 1461 3229 ὅτε

156 3257 251 3315 πᾶσαν
275 3261 391 3328 κατέσχε
418 3255 465 3328 τὴν
489 3259 646 3328 οἰκουμένην
672 3251 690 3329 η’
716 3253 765 3327 τῆς
792 3251 930 3332 ἁμαρτίας
957 3260 1097 3332 τυραννὶς,
1129 3258 1174 3315 ὅτε
1197 3259 1245 3330 τὴν
1269 3259 1386 3332 ἐσχάτην
1403 3260 1463 3318 tte

157 3345 255 3403 δοῦναι
272 3347 347 3417 δίκην
364 3346 460 3402 λοιπὸν
478 3348 523 3400 καὶ
541 3342 702 3402 ἀπολέσθαι
719 3341 857 3408 παντελῶς
874 3365 919 3400 και
934 3340 1074 3418 ἀνώνυμον
1088 3345 1142 3403 τῶν
1155 3333 1314 3423 ύνθρύπων
1327 3351 1465 3425 periodos

158 3437 251 3508 μένος,
284 3432 343 3490 τότε
361 3432 409 3508 τὴν
426 3439 555 3510 μεγίστην
572 3435 636 3508 περὶ
653 3429 728 3505 ἡμᾶς
746 3431 904 3509 εύερμεσίαν
921 3433 1096 3502 ἐπεδείξατο,
1122 3435 1192 3512 ύπέρ
1211 3434 1265 3493 τῶν
1283 3435 1400 3514 έχθρύν
1417 3437 1466 3494 καὶ

153 3518 416 3596 ἀπηλλοτριωμένων
436 3524 481 3576 καὶ
494 3519 646 3594 μισούντων
656 3517 743 3576 ἀὐτὸν
755 3523 800 3575 καὶ
814 3517 1061 3596 ἀποστρεφομένων
1073 3521 1119 3578 τὸν
1132 3523 1266 3598 μονογενῆ
1283 3521 1467 3594 κατασφάξας

157 3608 204 3666 τὸν
222 3609 320 3664 ἑαυτοῦ
337 3612 383 3664 καὶ
403 3607 451 3664 διὰ
468 3604 563 3664 τούτου
582 3607 630 3679 τὴν
648 3607 720 3683 πρὸς
738 3604 820 3672 αύτὸν
838 3607 1009 3682 καταλλαγὴν
1028 3608 1217 3687 ἐργασάμενος
1235 3609 1307 3684 ἡμῖν.
1335 3611 1467 3682 Chrysen.

158 3698 196 3754 ad
213 3698 319 3770 Staglr.
342 3701 366 3767 1,
387 3701 411 3752 5.

248 3785 280 3839 V.
298 3787 342 3840 29.
368 3784 544 3856 Angelorum
564 3783 679 3854 spiritus
697 3783 805 3840 idcirco
822 3783 1056 3840 irremissibiliter
1073 3789 1276 3856 peccaverunt,
1300 3785 1367 3856 quia
1384 3785 1467 3841 unte

159 3874 305 3929 robustius
324 3879 400 3929 stare
418 3877 566 3944 poterant,
594 3877 700 3943 quanto
719 3888 771 3927 eos
789 3871 883 3926 carnis
902 3871 1037 3928 admixtio
1056 3889 1112 3927 uon
1130 3873 1258 3927 tenebat:
1291 3871 1376 3927 homo
1393 3886 1468 3928 vero

159 3962 266 4020 idcirco
284 3969 351 4034 post
369 3963 479 4034 culpam
497 3963 607 4018 veniam
624 3962 740 4031 meruit,
759 3963 826 4034 quia
842 3951 895 4033 per
914 3962 1028 4018 carnale
1047 3975 1150 4028 corpus
1168 3957 1283 4030 aliquid,
1301 3974 1358 4042 quo
1376 3961 1469 4014 semet

159 4052 224 4122 ipso
248 4052 339 4107 minor
358 4057 447 4121 esset,
476 4052 592 4123 accepit
621 4051 729 4122 (ἕτερον.
750 4053 784 4106 M.
803 4051 903 4106 moral.
922 4052 948 4121 9,
969 4051 1012 4105 76.
1055 4047 1191 4104 Diabolus
1209 4046 1269 4100 sine
1287 4045 1372 4101 venia
1390 4047 1470 4128 (λεω-

160 4144 244 4194 natus
262 4143 313 4208 est,
333 4139 398 4210 quia
415 4155 533 4211 magnus
553 4139 613 4194 siue
633 4139 844 4210 comparatione
861 4135 956 4193 fuerat
974 4142 1094 4192 creatus.
1112 4135 1185 4189 Idem
1202 4133 1239 4188 ib.
1257 4136 1301 4203 32,
1315 4135 1357 4188 tr.
1393 4133 1467 4202 Quia

158 4225 250 4281 minus
273 4231 443 4297 peccaverat
467 4227 552 4281 homo
576 4242 658 4296 quam
676 4225 822 4295 diabolus,
853 4225 883 4280 id
901 4225 991 4296 ipsum
1008 4225 1035 4279 ei
1053 4221 1144 4278 valuit
1161 4221 1198 4276 ad
1215 4220 1402 4292 reparandam
1420 4233 1469 4274 sn·

157 4309 254 4384 l'utem,
273 4313 349 4390 quod
367 4314 488 4385 principi
505 4315 591 4388 hujus
609 4315 717 4385 mundi,
735 4316 791 4370 boc
809 4318 854 4370 est
870 4313 991 4385 principi
1009 4312 1130 4368 omnium
1146 4315 1328 4382 peccatorum
1346 4310 1375 4361 et
1392 4319 1469 4376 prae·

160 4400 258 4471 posito
285 4401 400 4471 mortis,
429 4419 518 4473 usque
545 4403 582 4457 ad
608 4403 809 4459 mortalitatem
837 4400 930 4457 carnis
957 4400 1084 4456 addictus
1112 4402 1162 4454 est.
1203 4399 1333 4468 Αυμαιλία
1361 4392 1395 4449 de
1417 4393 1469 4450 lib.

160 4487 349 4559 articam.
381 4489 410 4546 s.
429 4491 481 4546 No.
499 4491 560 4560 ace,
579 4493 639 4545 aar.

248 4576 282 4631 V.
306 4579 348 4632 33.
373 4579 416 4634 at.
451 4579 497 4634 ε’πὶ
525 4579 662 4651 συντελείᾳ
688 4577 742 4634 τῶν
769 4573 875 4634 αἰώνων
900 4573 933 4633 τὸ
959 4573 1084 4653 Χριστοῦ
1111 4571 1216 4635 πάθος.
1266 4570 1376 4638 Grcqor.
1401 4567 1470 4624 ch.

160 4678 203 4724 or.
222 4667 264 4722 tt.
282 4681 309 4736 p.
327 4666 387 4721 cst.
1446 4697 1449 4702 -

251 4753 284 4808 V.
303 4755 345 4810 55.
371 4753 467 4812 Daher
485 4755 559 4814 wird
578 4755 623 4814 die
643 4751 769 4822 ἑκούσιος
787 4750 943 4834 σταύρασις
960 4750 1118 4811 manohmal
1134 4747 1272 4806 crw'eihnt
1297 4744 1382 4802 Triod.
1394 4742 1462 4817 M
