3324 5358
216 277 281 346 268

280 462 338 519 'V‚
357 465 447 520 5-8.
475 460 697 531 αἰεπιιισχύντως
714 465 759 518 καὶ
778 457 979 524 ἆνειδοιάοτως
1000 458 1073 537 φάγε
1091 461 1122 519 τὸ
1148 459 1245 535 σῶμα,
1276 468 1322 519 πίε
1339 463 1369 520 τὰ
1390 461 1473 538 αἷμα,
1499 466 1524 522 εἰ

214 553 264 625 τῆς
281 553 352 623 ζωῆς
369 549 574 624 ἐπιθυμητικῶς
597 554 683 620 ἔχεις,
714 547 781 623 μήτε
806 557 864 611 τοῖς
888 553 950 624 περὶ
969 548 1073 624 σαρκὸς
1092 545 1216 606 ἀπιστῶν
1234 549 1344 622 λόγοις,
1377 549 1444 625 μήτε
1462 561 1524 616 τοῖς

214 639 326 715 περὶτὰ
346 637 443 701 πάθος
461 635 654 712 βλαπτόμενος.
690 637 798 707 Gregor.
816 636 881 692 Naz.
900 651 942 691 or.
961 638 995 690 52
1013 652 1039 706 p.
1058 637 1117 692 690.

303 727 336 780 V.
356 728 396 781 13.
425 727 589 783 Convivinm
607 725 712 780 domini
729 725 820 780 unitas
840 727 885 778 est
902 724 1032 794 corporis
1052 723 1172 795 Christi,
1190 742 1247 780 non
1266 725 1357 782 solum
1374 727 1404 782 in
1422 743 1523 784 sacra·

215 819 310 870 mento
329 812 430 869 altaris
449 814 499 868 sed
518 815 602 869 etiam
618 813 648 868 in
666 813 779 868 vinculo
797 812 882 883 pacis
918 812 1053 881 Augustini
1071 812 1152 882 epist.
1171 813 1231 882 185,
1249 815 1292 867 tl.

596 1097 682 1170 204.
710 1097 768 1167 De
796 1121 897 1168 sacra
924 1095 1143 1168 eucharistia.

216 1264 363 1330 Christus
385 1267 441 1330 lux
463 1264 652 1330 indeficiens
892 1263 997 1350 Hujus
1019 1268 1113 1350 panis
1136 1267 1276 1349 angelici

258 1370 345 1435 cibat
366 1389 426 1434 nos
451 1391 550 1435 carne
574 1371 711 1436 dulciter
936 1371 1122 1452 saginemur
1143 1370 1350 1454 pinguedine,

215 1479 249 1536 et
270 1480 364 1557 potat
384 1491 445 1537 nos
467 1473 618 1538 reficiens
892 1478 1011 1538 uttam
1033 1472 1080 1557 pii
1101 1471 1212 1537 viatici

259 1594 318 1640 suo
341 1572 498 1660 sanguine
520 1577 652 1661 pariter.
937 1574 1136 1640 delectemur
1159 1574 1338 1640 dulcedine.

214 1744 349 1808 Aetcroo
372 1741 493 1808 Christi
514 1743 630 1824 glorio,
821 1743 840 1804 5
893 1737 984 1805 Hora
1006 1737 1121 1802 ductus
1144 1743 1195 1800 est
1216 1737 1314 1801 tertia
1477 1736 1520 1797 25

259 1849 351 1912 bento
368 1847 423 1912 lun
445 1849 642 1930 credentium,
935 1835 980 1910 ad
1002 1844 1161 1927 passionis
1184 1843 1322 1906 hostiam
1399 1909 1401 1916 ,

215 1950 422 2015 redemtionis
444 1951 566 2027 hostia,
894 1949 998 2014 crucis
1020 1956 1155 2032 portans
1178 1946 1369 2032 suspendia,

257 2062 370 2138 pastus
393 2062 519 2120 tuorum
541 2053 657 2117 ovium.
936 2057 972 2116 ut
993 2068 1053 2115 nos
1075 2050 1177 2114 ferret
1200 2049 1242 2114 ad
1264 2049 1410 2133 gloriam.

214 2217 305 2283 Vera
328 2235 414 2300 caro,
440 2237 535 2300 quam
558 2215 726 2298 sumimus,
894 2213 920 2278 0
944 2215 1054 2279 divina
1076 2215 1260 2298 clementia,

259 2341 354 2404 quam
377 2321 504 2404 accepit
527 2319 568 2384 de
590 2320 735 2402 virgine,
801 2319 840 2383 10
937 2319 1000 2384 duc
1014 2337 1073 2382 nos
1089 2318 1131 2383 ad
1147 2325 1291 2383 sanctam
1305 2319 1453 2402 patriam,
1477 2319 1521 2382 30

214 2443 312 2488 verus
336 2423 482 2505 sanguis,
507 2442 601 2504 quem
624 2423 776 2504 bibimus,
893 2424 949 2489 ubi
971 2443 1052 2486 vera
1066 2421 1148 2486 'sunt
1170 2422 1306 2505 gaudia,

259 2545 355 2607 quem
378 2526 490 2591 effudit
511 2544 573 2609 pro
596 2527 736 2590 homine.
936 2545 997 2609 per
1022 2525 1196 2590 salutarem
1220 2524 1367 2588 hostiam.

213 2687 303 2752 Vere
326 2690 384 2752 tali
405 2691 560 2772 mysterio
893 2689 937 2756 Ut
960 2710 1031 2755 cum
1050 2671 1171 2754 sanctis
1195 2689 1347 2760 feliciterx
1446 2765 1448 2770 ¹

257 2796 393 2858 verbum
416 2813 494 2857 caro
518 2793 710 2876 comeditur,
938 2802 1176 2876 conregnantes
1198 2795 1374 2877 praeconia,

208 2915 275 2978 per
298 2895 385 2976 quod
407 2896 498 2976 viget
520 2897 653 2977 religio,
800 2897 840 2956 15
894 2897 952 2962 tibi
974 2897 1103 2960 laudem
1125 2897 1313 2980 perenniter
1479 2897 1523 2959 35

257 3018 318 3081 per
341 2999 427 3082 quod
451 3001 565 3062 coelum
587 2999 774 3082 ingreditur.
938 3000 1135 3064 immolemus
1158 2999 1190 3061 in
1214 2999 1329 3080 gloria.
1431 3017 1432 3021 ’
1469 3007 1471 3010 ’

214 3153 312 3217 Panis
334 3155 396 3218 iste
420 3155 598 3219 dulcedinis
895 3155 1055 3238 Hymnum
1080 3155 1190 3218 demus
1215 3174 1285 3218 cum
1308 3155 1416 3218 hostia

257 3265 343 3320 totus
366 3261 480 3341 plenus
505 3268 554 3322 est
577 3260 708 3343 gratiae,
937 3256 1000 3322 hac
1024 3259 1075 3322 die
1098 3245 1183 3322 iesta
1206 3259 1348 3342 domino,

215 3358 290 3422 alvo
314 3368 460 3442 gestatus
479 3363 629 3444 virginis,
894 3364 948 3444 qui
971 3383 1066 3428 sacra
1090 3365 1286 3428 eucharistia

256 3484 316 3528 rex
338 3472 388 3528 est
411 3473 542 3529 aeternae
561 3467 685 3549 gloriae.
798 3465 840 3528 20
935 3482 995 3528 nos
1022 3473 1137 3549 pascat
1159 3467 1227 3530 sine
1251 3467 1396 3530 termino.
1479 3467 1524 3529 40

299 3618 493 3672 Reichenauer
510 3619 556 3672 lls.
575 3619 627 3672 No.
639 3618 683 3672 36.
702 3616 748 3670 ΒΙ.
759 3618 800 3672 ll.
821 3616 877 3684 (R)
896 3617 952 3670 und
970 3617 1031 3690 eine
1050 3619 1153 3674 andere
1168 3579 1341 3678 Karlsruher
1360 3621 1407 3674 lis.
1427 3637 1451 3674 o.
1468 3614 1523 3675 No.

217 3703 260 3759 Bi
279 3708 319 3760 12.
345 3707 394 3760 des
414 3709 448 3760 il
465 3707 563 3791 Jahrh.
590 3705 661 3774 (K),
686 3704 736 3758 mit
754 3705 805 3759 der
823 3704 945 3760 Melodie
963 3706 1020 3760 und
1038 3707 1101 3760 dem
1119 3707 1193 3762 Titel
1212 3708 1245 3761 de
1265 3724 1387 3778 corpore
1407 3708 1523 3766 Christi.

301 3829 407 3897 3poto
426 3828 457 3880 R.
493 3827 563 3880 5-8
582 3825 678 3882 fchlen
696 3828 725 3882 in
743 3824 776 3883 K.
813 3831 847 3882 10
866 3845 948 3898 quam
966 3830 1118 3900 assumpsit
1136 3847 1170 3884 ex
1188 3847 1214 3884 v.
1230 3832 1262 3884 K.
1299 3827 1522 3886 13-16fehle11

212 3914 242 3968 in
261 3915 293 3971 K
330 3915 364 3968 18
383 3913 476 3970 etsiir
495 3919 539 3968 est
556 3914 587 3968 R.
610 3917 657 3968 =19
676 3921 806 3987 gestatur
824 3917 855 3970 Pe
891 3918 927 3969 20
946 3933 1049 3970 summe
1069 3917 1136 3970 deus
1157 3917 1311 3972 clementiae
1337 3919 1369 3986 K,
1390 3934 1440 3971 aus
1460 3917 1523 3971 dem

214 4004 339 4073 Hymnus
359 4002 484 4056 entlehnt
502 4003 548 4056 bei
562 4004 693 4070 Danieli,
708 4005 751 4057 34.
787 4005 821 4057 23
841 4007 871 4057 ut
889 4000 969 4072 fehlt,
989 4004 1084 4058 suavis
1103 4003 1150 4060 fiir
1163 4005 1203 4075 pii
1217 4006 1249 4059 K
1289 4007 1408 4060 25-40
1426 4003 1524 4059 fehlen

214 4092 244 4146 in
258 4094 291 4162 K,
311 4089 394 4146 dafiir
412 4093 509 4146 stehen
527 4091 662 4164 folgende
675 4092 779 4162 Verse,
799 4091 843 4146 die
861 4095 1036 4164 veniit—216
1055 4093 1084 4146 in
1102 4094 1153 4147 No.
1170 4094 1222 4146 203
1242 4097 1333 4146 etwas
1348 4092 1525 4148 abweichen.

323 4181 344 4234 0
362 4185 459 4235 celeste
477 4184 629 4250 concivium,
983 4181 1095 4235 Praesta
1113 4185 1195 4251 pater
1213 4196 1265 4250 per
1283 4177 1379 4250 filium,

322 4284 338 4322 o
357 4269 490 4324 beatorum
506 4272 605 4338 plocio,
980 4273 1088 4338 praesta
1105 4284 1158 4338 per
1178 4267 1280 4321 almum
1299 4267 1435 4336 spiritum,

322 4352 609 4426 orequies'humilicm
984 4354 1084 4424 quibus
1103 4355 1149 4408 hic
1168 4353 1218 4408 das
1238 4353 1373 4424 edulium,

224 4484 226 4488 -
323 4445 372 4498 duc
390 4461 438 4498 nos
455 4445 492 4498 od
507 4447 563 4498 coeli
577 4445 681 4514 pondis.
982 4440 1095 4498 felicem
1113 4444 1200 4498 dones
1219 4443 1330 4514 exitum,

215 4533 297 4587 Danu
321 4532 450 4586 hommen
473 4531 520 4586 die
545 4531 746 4588 Schlussverse
763 4531 884 4585 25—28
909 4531 958 4586 des
984 4531 1105 4602 vorigen
1128 4531 1227 4586 Licdes
1252 4533 1305 4586 No.
1326 4533 1381 4586 203
1405 4529 1455 4584 mit
1474 4529 1527 4592 der

214 4621 317 4676 Lesart
336 4621 381 4674 hic
400 4617 449 4675 fiir
467 4621 529 4676 hoc.
564 4621 608 4676 Da
631 4620 712 4675 beide
731 4619 844 4690 Lieder,
857 4620 952 4690 gleich
976 4620 1184 4692 gebautsind,
1216 4637 1250 4674 so
1269 4619 1375 4675 konnte
1395 4617 1439 4672 die
1453 4617 1528 4674 Eut·

216 4706 342 4781 lehnung
360 4710 447 4767 leicht
465 4706 634 4768 stattfinden.
671 4713 707 4768 27
725 4709 879 4782 suppendia
894 4709 928 4766 ll.
972 4757 975 4770 .
