3324 5358
212 319 279 388 336

300 503 334 560 V.
352 503 394 560 14.
420 500 452 557 τὸ
469 497 625 577 τρισύκλεον
644 497 734 576 δῶρον
753 498 807 556 τῶν
824 497 933 577 μύρων.
961 500 1028 557 Deo.
1044 499 1088 554 20.

300 591 335 648 V.
351 593 395 646 25.
413 591 456 645 26.
482 589 533 645 Die
551 586 710 644 vielfachen
728 588 951 659 Versuohungon
979 587 1029 642 des
1053 587 1168 644 'renfels
1192 589 1306 644 hoissen
1332 591 1362 644 in
1387 590 1441 644 den
1465 592 1531 646 Me·

211 682 285 736 nien
302 673 352 734 τοῦ
370 677 482 752 ἐχθροῦ
499 675 669 734 πολύπλοκον
686 681 814 749 μηχαναί.
839 675 894 733 Jul.
912 676 954 731 29.
981 675 1009 734 S.
1027 676 1079 734 No.
1098 677 1160 746 208,
1179 677 1203 732 6.
1238 675 1288 734 τοῦ
1307 675 1418 753 ἐχθροῦ
1431 699 1527 750 μηχα-

212 771 348 842 νυυρμίαι.
377 765 498 820 Triodion
515 765 549 832 X,
568 765 592 819 5.

307 853 340 908 V.
357 853 483 908 [ιλ-43.
509 851 663 907 Aehnliche
682 849 833 906 Gednnken
858 849 982 906 driioken
1007 847 1053 904 dio
1071 850 1190 906 Men'a'on
1213 866 1248 904 εο
1272 865 1338 906 aus:
1368 849 1453 923 qivai
1472 852 1526 922 μὲν

210 941 289 1015 ἥλιος
306 937 434 1017 ούραξων
452 937 572 1012 ὄμμασι,
590 940 740 1015 φλυκιηίρα
759 938 790 992 δὲ
808 935 874 1010 ὄψις
892 935 910 1008 ἡ
929 935 963 1006 σὴ
982 939 1094 1012 Χριστί.
1123 939 1196 1008 Aug.
1215 938 1257 992 16.
1361 938 1365 946 '

299 1026 333 1082 V.
350 1027 475 1080 65-68.
501 1024 546 1080 ἐπί
572 1023 695 1100 σταυροῦ
721 1024 770 1092 σύ,
802 1022 892 1102 κύριε,
925 1020 1057 1089 ύπνῶσας
1076 1025 1278 1099 μεταβέβληκας
1302 1029 1340 1089 εἰς
1366 1025 1452 1084 ύπνον
1475 1026 1528 1086 τὸν

217 1110 352 1170 θάνατον.
377 1113 498 1167 Triodion
514 1111 534 1180 1,
552 1109 603 1167 foi
620 1115 646 1168 3.

300 1200 333 1255 V.
351 1200 393 1254 69.
411 1200 454 1252 30.
482 1193 497 1254 ὁ
520 1203 608 1262 τείνας
633 1197 684 1262 τὰς
703 1196 834 1271 παλάμας
859 1219 911 1258 σου
935 1200 964 1258 ἐν
988 1197 1062 1271 ξύλῳ
1086 1196 1289 1275 σταυρούμενος
1317 1198 1388 1277 ύπδρ
1413 1199 1526 1260 πάντων

211 1285 339 1365 γηγενῶν.
364 1287 486 1340 Τιλσάίοκ
503 1285 539 1353 Μ,
557 1289 582 1340 2.
847 1327 849 1338 .

300 1373 333 1430 V.
352 1374 476 1428 89-92.
999 1373 1030 1440 ἐξ
1048 1369 1193 1449 άχράνεων
1211 1395 1263 1430 σου
1282 1374 1397 1449 φλεβῶν,

336 1459 370 1518 'Ei
387 1465 433 1516 καί
451 1462 555 1536 φρέαρ,
574 1461 704 1528 δέσποτα,
998 1462 1030 1518 i'r'
1051 1460 1088 1525 ῶς
1099 1460 1126 1532 ἡ
1143 1467 1311 1538 Σαμαρείτις

336 1547 475 1624 ὑπάρχεις
493 1545 587 1621 βαθύ,
998 1551 1092 1621 μηκέτι
1111 1553 1197 1604 πίνων
1215 1547 1301 1622 διψῶ,

335 1634 437 1710 βλύσον
454 1655 503 1707 μοι
521 1633 628 1706 νάματα
997 1633 1069 1707 ζωῆς
1086 1635 1142 1711 γάρ
1163 1640 1266 1714 ῥεῖθρα
1284 1635 1384 1714 βρύεις.

214 1726 336 1782 Τσίοιίίοιι
353 1725 383 1793 1,
402 1725 426 1778 6.
450 1721 544 1778 ·Nach
561 1723 625 1778 Joh.
644 1725 713 1792 isi.

301 1809 334 1864 V.
360 1812 421 1864 111.
445 1813 505 1866 112.
540 1809 633 1864 carnis
651 1809 816 1866 substantia
829 1847 831 1856 ι
846 1813 987 1881 Στέφανος
1006 1812 1078 1887 λίφει
1101 1815 1176 1881 (act.
1194 1816 1220 1882 ί,
1239 1815 1305 1883 35),
1339 1811 1458 1892 ,θεωρῶ
1476 1812 1526 1870 τὸν

162 1887 165 1894 ’
211 1895 273 1954 υλὸν
290 1894 340 1952 τοῦ
358 1892 515 1972 άνθράπου
535 1896 564 1952 ἐν
582 1893 680 1962 δεξιῶν
697 1895 801 1952 ἑστῶτα
819 1894 869 1967 τῆς
883 1895 1024 1970 δυνάμεως
1041 1895 1091 1956 τοῦ
1108 1898 1206 1958 θεοῦ.“
1237 1897 1287 1956 ούιι
1305 1894 1362 1956 εἶπε
1375 1899 1422 1958 τὸν
1439 1899 1524 1979 λόφον

211 1980 231 2054 ἢ
249 1982 296 2054 τήν
315 1987 417 2054 σοφίαν
435 1981 485 2039 τοῦ
503 1981 610 2058 πατρὸς
623 1983 785 2058 ἑωρακέναι,
803 1981 872 2040 άλλά
890 1983 937 2041 τὸν
958 1985 1018 2042 υίὸν
1036 1986 1086 2044 τοῦ
1104 1984 1274 2064 άνθρῶπου,
1307 1989 1342 2046 τδ
1358 1989 1523 2066 ε’κΜαρίας

211 2068 342 2144 κυριακὸν
362 2066 452 2140 σῶμα,
478 2068 545 2144 ὅπερ
565 2067 580 2126 ὁ
599 2068 711 2134 Παῦλος
730 2073 810 2146 λέγει,
828 2076 948 2128 καθίσαι
966 2075 995 2128 δν
1014 2071 1111 2142 δεξιῶν
1128 2075 1179 2132 τοῦ
1197 2074 1269 2134 θεοῦ
1289 2078 1416 2147 (coloss.
1434 2081 1461 2148 3,
1481 2082 1524 2148 1).

212 2160 275 2231 περὶ
295 2147 329 2216 οῦ
348 2154 477 2229 σώματος
490 2159 577 2214 Λαυίδ
595 2162 661 2229 φησί
679 2157 854 2233 προφητικῶς
869 2158 898 2218 ἐκ
911 2161 1065 2237 προσώπου
1078 2161 1127 2220 τοῦ
1141 2164 1255 2240 πατρὸς,
1273 2163 1368 2222 κάθου
1381 2167 1410 2220 ἐκ
1424 2165 1523 2233 δεξιῶν

211 2244 270 2318 μοῦ
288 2249 344 2317 (ps.
364 2247 424 2314 109,
444 2249 484 2315 1).
508 2245 589 2320 τοῦτο
608 2239 656 2304 σύν
673 2251 878 2320 μινωσκίτιοσον
896 2252 923 2305 οί
941 2246 1102 2308 ἀπαίδευτοι
1120 2254 1159 2315 είς
1179 2252 1226 2310 τὸν
1242 2251 1313 2310 κατά
1333 2252 1423 2330 σάρκα
1441 2251 1524 2310 νοού-

160 2383 163 2388 .
209 2351 292 2405 μενον
311 2329 465 2408 ἄνθρωπον
481 2329 657 2411 γεγράφθαι·
690 2339 813 2396 Aliam&
830 2354 910 2396 serm.
928 2340 995 2412 maj.
1014 2355 1036 2395 ο.
1055 2341 1097 2396 13.

572 2689 659 2762 260.
693 2688 822 2788 Incipit
848 2700 977 2764 sertum
1010 2689 1156 2765 Christi.

212 2910 236 2977 1.
281 2908 357 2976 Ave
380 2911 490 2976 mundi
513 2911 676 2998 eonditor,
956 2911 1032 2980 Ave
1039 2964 1048 2998 ,
1072 2915 1127 2998 qui
1148 2923 1211 2999 per·
1233 2915 1384 2999 angelum
1481 2895 1485 2904 ’

320 3016 443 3082 veritas
466 3021 499 3080 et
522 3017 628 3098 vita,
999 3018 1092 3084 nasci
1113 3017 1284 3082 nunciaris.

275 3119 343 3202 via,
366 3121 484 3202 νίείυε,
503 3122 625 3204 gratia,
644 3193 654 3207 ,
956 3125 990 3184 et
1011 3118 1045 3182 in
1067 3118 1179 3184 matris
1202 3126 1296 3184 utero

320 3223 409 3288 salus
430 3223 571 3288 infinita!
999 3239 1077 3288 mox
1099 3221 1181 3288 deus
1202 3223 1391 3290 incarnaris.

274 3406 370 3492 Ave,
391 3410 445 3492 qui
467 3410 508 3475 do
530 3412 649 3477 lumino
816 3417 836 3479 5
896 3429 901 3436 ·
955 3405 1048 3492 Avo,
1074 3410 1128 3492 qui
1151 3409 1193 3475 de
1215 3411 1342 3494 virgine

281 3570 285 3578 .
316 3513 424 3578 lumen
447 3513 609 3580 advenisti
998 3513 1091 3577 nasci
1113 3515 1243 3580 voluisti

273 3623 308 3682 et
330 3615 372 3682 de
394 3617 497 3702 patria
520 3618 646 3700 gremio
784 3623 790 3627 ’
955 3621 989 3679 et
1010 3635 1053 3681 ex
1076 3615 1187 3680 clauso
1209 3623 1305 3682 utero

315 3716 410 3782 nobis
432 3713 574 3783 illuxisti.
772 3763 776 3769 ·
995 3736 1072 3783 mox
1093 3720 1291 3802 processisti.

269 3901 347 3970 Ave
370 3904 527 3988 splendor
545 3906 661 3988 gloriae
953 3909 1018 3976 λοι
1031 3928 1091 3994 pro
1107 3929 1164 3978 ιιιι
1185 3912 1296 3980 vilibus
1472 3917 1518 3982 25

285 4063 288 4068 .
314 4014 462 4090 paternae
484 4010 681 4094 majestatis,
793 4011 833 4078 10
993 4019 1112 4096 pannis
1134 4015 1303 4096 ιὀυοίυίυε,

271 4110 438 4192 speculum
460 4113 623 4180 munditiae
675 4165 679 4170 -
951 4119 1099 4184 membris
1120 4118 1314 4202 infantilibus

314 4209 434 4277 divinae
457 4213 630 4281 claritatis!
897 4261 899 4264 -
971 4227 1119 4313 'propter
1141 4243 1192 4290 κιο
1213 4227 1347 4293 indutus.

266 4393 346 4464 Ave
368 4399 442 4463 fons
465 4401 646 4467 clementiae
950 4410 1028 4490 Ave,
1052 4431 1141 4496 quem
1164 4417 1317 4480 ικθκσίίυε

314 4519 446 4568 summae
469 4507 639 4589 bonitati-s,
995 4515 1114 4582 salutat
1134 4518 1329 4602 οομοίονυυι,
1469 4519 1517 4584 30

266 4606 443 4689 imperator
464 4612 598 4694 patriae,
790 4614 831 4677 15
948 4622 983 4686 in
1000 4626 1137 4706 proesepi
1154 4627 1275 4706 positus

308 4709 416 4777 lumen
438 4714 601 4780 veritatis!
990 4724 1061 4788 sub.
1067 4722 1150 4806 sceno
1167 4729 1389 4804 jumentorum.
