3324 5358
223 327 300 395 ’310

223 517 258 585 'et
277 515 368 582 nosci
389 529 453 578 non
476 509 641 592 desponsat
908 504 943 565 ot
963 513 1091 562 servare
1113 493 1275 558 adhortor
1496 493 1542 555 20

226 623 267 690 de
283 619 391 684 Morta
412 617 544 695 αίααίαα,
909 599 1060 665 colestem
1082 597 1288 660 concordiam.

228 808 292 891 Qut
312 805 451 872 Mortem
474 801 590 883 αίααίαίί
953 760 1054 826 90111-
1083 775 1184 840 attus
1206 760 1268 890 dtis
1337 875 1344 889 1

227 914 362 980 matrem
382 906 453 990 forr
471 907 579 987 pratia
601 977 605 986 ¹
817 896 857 958 15
909 879 999 945 Fons
1020 876 1210 941 indeficiens
1231 879 1378 958 pretatis,

228 1016 322 1102 atque
343 1027 401 1076 nos
423 1025 445 1074 α
467 1023 552 1071 roeno
574 1007 657 1068 tristi
910 990 1058 1051 miserere
1081 985 1184 1059 noth,

225 1118 338 1202 armat,
359 1133 417 1180 reo
437 1111 555 1194 αίανία,
912 1097 1025 1155 aneton
1048 1107 1178 1153 summae
1200 1089 1363 1172 bonitatis,

911 1195 1183 1273 medracontes,
1497 1193 1543 1255 25
1638 1155 1639 1204 ³

229 1303 352 1371 Prasia
374 1301 479 1382 nodo,
503 1299 583 1382 qood
605 1297 761 1378 optamus,
911 1317 978 1381 pax
1001 1305 1134 1380 aeterna,
1158 1296 1253 1362 dator
1275 1297 1472 1380 sanctitatis,
1539 1365 1541 1370 ,

227 1426 289 1494 per
310 1407 422 1472 Morte
442 1403 590 1487 pronam,
913 1403 996 1466 dona
1018 1399 1107 1464 note
1126 1417 1246 1482 pacem.

322 1564 371 1620 lle.
389 1580 426 1622 nu
442 1560 587 1627 lliuoheu,
606 1557 675 1618 Ghn.
694 1557 771 1611 5539.
789 1555 809 1612 f.
829 1557 888 1612 tot.
907 1558 941 1610 1t
958 1555 1056 1610 Jahrh.
1074 1555 1126 1609 mit
1145 1555 1196 1610 der
1213 1555 1343 1610 llelodio.

245 1763 252 1772 μ
322 1689 438 1742 10-21
457 1685 520 1740 sind
539 1700 589 1738 aus
607 1683 660 1738 No.
677 1683 738 1750 243,
756 1683 874 1736 23-3t
892 1680 1027 1748 entlahut,
1046 1680 1116 1734 oder
1133 1681 1202 1752 jene
1219 1678 1352 1746 Nummer
1370 1695 1421 1734 aus
1438 1678 1545 1735 dieser.

231 1773 269 1830 26
284 1772 367 1830 datur
384 1775 435 1828 hat
452 1773 495 1827 dio
513 1773 560 1828 Hs.

322 1895 356 1950 V.
374 1897 463 1952 t-a.
489 1898 565 1968 Agni
585 1911 653 1950 earo
671 1909 724 1949 nee
741 1895 825 1948 crudo
844 1893 951 1947 edenda
970 1897 1022 1962 est,
1040 1907 1091 1946 nee
1110 1893 1180 1962 aqud
1200 1896 1296 1961 coeta3
1315 1892 1380 1962 quia
1397 1891 1547 1946 redemtor

232 1985 333 2037 noster
355 1999 407 2038 nee
426 1999 512 2054 purus
533 1985 617 2038 homo
640 1981 820 2035 aestimandus
842 1985 899 2049 est,
928 1996 1017 2050 neque
1035 1995 1088 2049 per
1106 1980 1254 2034 humanam
1272 1979 1456 2050 sapientiam,
1475 1996 1548 2049 qna-

233 2067 303 2124 liter
320 2068 462 2126 inoarnari
486 2072 554 2126 deus
572 2071 679 2140 potnit,
707 2069 882 2140 cogitandus.
920 2067 1009 2122 omnis
1029 2067 1115 2136 eninr,
1145 2068 1192 2137 qui
1210 2067 1396 2122 redemtorem
1414 2072 1546 2122 nostrum

234 2171 336 2226 purum
353 2156 492 2212 hominem
509 2157 614 2225 eredit,
633 2155 698 2226 quid
716 2156 770 2210 iste
789 2153 866 2210 aliud
883 2171 965 2225 quam
983 2154 1051 2226 agni
1069 2169 1169 2210 earnes
1189 2155 1290 2210 erudas
1309 2154 1444 2222 eomedit,
1472 2169 1546 2223 quas

234 2243 370 2299 videlicet
388 2260 509 2316 coquere
527 2261 579 2316 per
599 2244 753 2300 divinitatis
773 2245 836 2316 ejus
854 2242 1071 2314 intelligentiam
1089 2243 1202 2297 noluit?
1230 2243 1319 2297 omnis
1337 2257 1417 2311 vero,
1436 2241 1485 2312 qui
1502 2243 1548 2296 in·

234 2331 410 2387 carnationis
428 2333 491 2405 ejus
510 2330 647 2403 mysteria
662 2332 746 2404 juxta
762 2332 910 2386 humanam
929 2331 1096 2400 sapientiam
1116 2328 1257 2385 discutere
1276 2336 1410 2399 conatur,
1442 2345 1547 2384 earnes

235 2419 306 2490 agni
322 2420 397 2490 aqua
413 2419 477 2475 vult
494 2436 630 2491 coquere,
662 2420 767 2490 idest,
799 2419 1018 2490 dispensationis
1037 2419 1100 2490 eJns
1121 2419 1287 2489 mysterium
1304 2435 1357 2490 per
1375 2417 1549 2473 dissolutam
1641 2481 1642 2496 χ

234 2505 299 2580 vult
322 2505 467 2562 seientiam
493 2514 649 2579 penetrare.
685 2507 739 2575 Qui
765 2522 838 2578 orgo
863 2506 1006 2577 paschalis
1034 2505 1132 2578 gaudii
1159 2507 1367 2562 solemnitatem
1396 2505 1548 2560 celebrare
1641 2519 1642 2526 ¹

236 2592 394 2665 desiderat,
418 2612 515 2666 uenum
532 2613 580 2651 nee
599 2598 667 2667 opud
684 2600 788 2666 coquat,
813 2610 862 2649 nee
880 2596 990 2650 eradunt
1008 2595 1142 2664 comedot;
1168 2599 1306 2665 utusque
1324 2611 1377 2666 per
1395 2595 1549 2650 humanam

234 2682 403 2753 sapientiam
426 2681 648 2754 profunditatem
671 2683 749 2738 illius
773 2683 974 2738 incarnationis
994 2687 1144 2751 penetrare
1163 2687 1294 2752 appetat,
1327 2697 1415 2751 neque
1433 2680 1463 2734 in
1482 2695 1550 2735 eum

237 2772 379 2840 nmquam
402 2771 431 2824 in
449 2771 587 2826 hominem
605 2787 704 2841 purum
722 2771 834 2841 eredat;
869 2772 916 2825 sed
932 2787 1004 2826 ossus
1021 2775 1074 2841 iqui
1091 2772 1219 2841 comedat,
1248 2775 1277 2825 ot
1294 2771 1439 2841 dispensari
1457 2774 1549 2824 omnio

233 2871 287 2927 per
312 2861 396 2912 saneti
417 2862 521 2928 ερίνίίαε
540 2863 680 2929 potentiam
703 2863 772 2913 sciat.
805 2859 913 2930 (ἕτερον.
932 2860 967 2913 M.
985 2860 1058 2913 hom.
1076 2860 1105 2913 in
1129 2874 1230 2930 evang.
1247 2862 1273 2928 2,
1291 2861 1335 2927 22,
1354 2859 1378 2912 8.
1414 2855 1549 2912 Christus

237 2944 290 3000 hat
313 2946 435 3001 nhmlioh
457 2963 518 3002 num
535 2947 692 3002 Abendmal
710 2947 782 3002 zwei
801 2943 892 3004 Stoffe
911 2941 1054 3018 gewahlt,
1086 2947 1131 3002 die
1151 2946 1238 3001 durch
1256 2947 1347 3002 Feuer
1365 2943 1550 3002 verwandelt

237 3030 310 3101 siud,
328 3033 379 3088 das
393 3034 465 3088 Brot
482 3033 569 3088 durch
587 3035 640 3090 den
655 3033 726 3092 Oien
745 3035 801 3089 nnd
819 3036 870 3090 der
883 3035 971 3089 Wein
990 3035 1078 3090 durch
1096 3035 1141 3090 die
1156 3033 1298 3105 Giihrung,
1318 3033 1361 3086 die
1380 3033 1443 3088 also
1461 3032 1550 3086 beide

238 3119 301 3174 sich
328 3121 447 3192 aignan,
479 3121 524 3175 die
548 3122 660 3194 'l'ritger
685 3123 754 3178 oder
771 3115 916 3178 Gestalten
940 3122 991 3176 der
1013 3121 1151 3177 hiiohsten
1169 3119 1382 3196 Verwandlung
1406 3135 1442 3174 nu
1466 3134 1550 3188 seyu

238 3208 320 3286 lieno
339 3208 467 3265 Christus
485 3225 548 3264 war
566 3210 611 3264 ein
630 3209 823 3282 Braudopfer,
842 3211 1047 3265 holocaustum,
1082 3210 1139 3264 Aus
1160 3208 1261 3280 obiger
1279 3207 1369 3264 Stella
1387 3207 1464 3263 lernt
1480 3223 1551 3262 man

236 3295 383 3366 augleioh,
414 3311 523 3350 warum
542 3297 593 3351 das
611 3299 709 3368 Agnus
734 3297 779 3351 dei
802 3297 832 3350 in
850 3298 901 3352 der
918 3298 1010 3357 Messe
1029 3295 1078 3350 der
1096 3297 1279 3352 communion
1296 3296 1473 3366 vorhergeht
1490 3295 1552 3349 und

240 3397 351 3438 warum
368 3384 397 3437 in
415 3383 468 3437 den
487 3383 563 3439 alten
580 3384 739 3455 liturgiam
757 3383 978 3439 besondershei
996 3383 1049 3437 den
1068 3381 1222 3454 Grieehen,
1240 3385 1291 3440 der
1308 3385 1334 3438 h.
1353 3383 1431 3440 Geist
1447 3383 1477 3436 in
1496 3383 1551 3437 der

238 3471 407 3550 Waudlung
425 3471 582 3546 augeruien
600 3475 688 3530 wird·

289 3629 304 3639 0
326 3596 397 3654 Von-
408 3597 505 3652 diesen
523 3598 817 3669 zwisehengeshngeu
838 3597 900 3652 sind
918 3597 963 3652 die
982 3597 1191 3654 Glossenlieder
1209 3574 1407 3665 uersehieden,
1438 3609 1552 3650 wovon

239 3683 279 3740 im
295 3685 417 3741 aweiten
435 3685 531 3742 Bande
551 3685 642 3740 dieses
660 3686 785 3740 Werkes
802 3686 930 3740 mehrere
950 3687 1097 3757 Beispiele
1109 3683 1216 3757 fulgen.

418 3967 504 4042 246.
539 3961 728 4068 Hymnus¹
754 3933 791 4041 in
815 3969 871 4062 die
894 3933 1071 4043 dominico
1094 3969 1139 4040 ad
1162 3921 1364 4041 nocturnos

238 4164 422 4252 surgentes
445 4170 488 4236 ad
510 4179 552 4256 te,
576 4173 713 4256 domine,
917 4175 1137 4240 ministrantes
1161 4171 1325 4254 ohsequiis

240 4279 323 4338 atrae
345 4275 449 4339 noetis
463 4275 617 4361 silentio,
849 4323 852 4326 -
917 4281 990 4363 tibi,
1014 4285 1128 4344 saneta
1150 4277 1318 4362 paraolite.

232 4377 366 4462 vigiliis,
389 4379 552 4462 obsequiis

648 4481 654 4494 ,
917 4417 994 4482 Pari
1017 4437 1088 4484 oum
1111 4426 1206 4502 patre
1230 4417 1336 4482 olarus
1360 4433 1411 4498 es,

234 4486 365 4563 patrum
387 4485 562 4562 sequentes
585 4479 745 4565 ordinem,

918 4541 989 4587 oum
1013 4521 1142 4601 Christo
1165 4522 1406 4603 suhtilissimus,
1505 4518 1549 4584 1⁰

234 4614 339 4692 Quem
361 4620 454 4694 nobis
474 4619 716 4704 dereliquerunt
834 4622 863 4682 ’5
916 4626 1024 4689 multis
1045 4625 1150 4708 modis
1174 4633 1207 4690 et
1230 4626 1362 4708 spiritus

228 4717 309 4802 jure
330 4720 549 4806 hereditaria,
853 4779 859 4790 .
917 4736 950 4794 et
972 4729 1138 4814 mysticus·
1152 4731 1354 4812 agnosceris.
