3280 5358
103 481 131 549 0
154 501 244 548 amor
266 503 362 566 quam
384 485 578 570 exataticua,
708 488 729 552 5

101 607 198 670 quam
222 585 366 669 effluens,
388 605 484 669 quam
506 590 636 674 ninius,

101 693 159 774 qui
181 690 276 756 deum
298 690 351 756 dei
372 690 473 756 lilium

101 813 201 860 unum
223 794 300 860 lecit
321 795 511 862 mortalium.

104 956 238 1024 Allecto
260 959 502 1044 superfervido,

102 1078 172 1142 quo
193 1076 253 1123 nos
275 1061 346 1126 tulit
369 1064 410 1128 ab
433 1071 571 1148 caterno,

101 1163 259 1244 nequibat
280 1182 317 1228 so
339 1166 565 1250 comprimere,

102 1266 161 1349 qui
182 1267 269 1336 venit
291 1285 350 1332 nos
372 1270 523 1336 invisere.

101 1429 181 1496 'Non
202 1431 311 1496 invisit
332 1451 392 1497 nos
415 1435 548 1517 angelo,

104 1551 167 1598 seu
189 1551 340 1617 supremo
362 1555 421 1603 seu
441 1537 566 1617 intimo,

106 1637 216 1702 carnis
240 1657 406 1705 assumens
427 1643 560 1728 pallium

105 1742 197 1806 venit
218 1741 261 1808 ad
282 1761 342 1808 nos
363 1765 424 1828 por
446 1748 617 1833 reipsum.

103 1915 144 1982 ln
166 1935 202 1981 so
225 1937 297 1984 cum
319 1921 486 1988 invisibilia

103 2022 151 2085 sit
172 2023 290 2088 nostris
313 2026 410 2111 lippis
434 2029 550 2115 oculis,

106 2132 213 2191 tectus
236 2131 363 2193 mortali
385 2133 493 2197 tunica

103 2227 172 2294 huo
193 2233 354 2316 processit
379 2234 422 2298 ad
442 2237 580 2320 publica.

107 2405 182 2474 Non
205 2413 307 2478 solum
329 2434 365 2478 se
389 2415 561 2484 ostendere

107 2516 230 2599 voluit,
253 2519 313 2582 scd
335 2521 511 2586 convivere

108 2618 315 2684 deus-homo
338 2621 519 2686 hominibus

105 2722 164 2789 hio
187 2724 278 2788 annis
300 2725 433 2807 triginta
454 2727 565 2791 tribus.

105 2905 262 2972 Nascitur
283 2909 376 2990 nobis
398 2907 495 2972 hodie

108 3029 252 3093 pauper,
276 3012 351 3075 exul
365 3061 463 3076 .....

109 3113 204 3176 nobis
227 3116 318 3198 vagit
341 3118 503 3202 praescpio

101 3215 238 3300 junctus
261 3218 338 3282 bovi
361 3226 393 3282 et
416 3219 515 3283 asino.

109 3397 191 3462 Post
213 3399 305 3464 nobis
329 3397 579 3485 circumciditur,

110 3504 207 3568 uobis
229 3512 262 3568 ct
283 3506 405 3570 Jhosus
428 3507 558 3590 dicitur,

110 3630 172 3694 pro
195 3615 288 3678 nobis
310 3615 414 3678 stellae
436 3615 535 3698 visio,

113 3718 206 3781 nobis
228 3719 331 3784 Jhesu
351 3722 480 3786 oblatio.

113 3895 214 3963 Nobis
237 3903 397 3986 baptisma
419 3904 567 3988 suscipit,

112 4003 208 4066 nobis
225 4003 380 4088 jejunans
405 4007 519 4087 esurit,

111 4107 207 4169 nobis
230 4116 263 4172 et
284 4116 378 4172 satan
399 4111 484 4174 hunc
506 4117 622 4194 tentat,
696 4113 738 4174 35

111 4211 208 4275 nobis
230 4219 405 4278 tentantem
428 4203 577 4298 superat!

107 4396 216 4464 Nobis
240 4389 311 4466 orat
333 4411 366 4466 ct
387 4403 560 4488 praedicat,

112 4522 175 4587 pro
199 4507 292 4570 nobis
316 4517 431 4573 cuncta
453 4509 593 4590 iactitat,

113 4608 224 4673 verbis
248 4609 348 4693 signis
371 4621 404 4676 et
426 4615 550 4680 actibus

781 486 848 552 Pto
869 487 962 552 nobis
984 489 1287 576 comprehenditur,

781 588 975 672 flagellatur,
999 593 1201 675 conspuitur,

782 691 887 758 crucis
905 693 1031 776 perfert
1051 696 1244 782 patibulum,

781 811 843 880 pro
866 795 959 862 nobis
981 795 1080 862 tradit
1101 799 1256 883 spiritum.

781 957 884 1024 Nobis
905 961 1009 1044 surgit
1032 981 1052 1028 a
1073 965 1223 1046 mortuis,
1365 965 1412 1034 45

782 1063 875 1128 nobis
898 1082 934 1128 se
957 1065 1114 1130 transfert
1135 1067 1278 1154 repeda,

782 1169 876 1234 nobis
899 1188 990 1235 auum
1012 1170 1069 1236 dat
1090 1173 1237 1256 spiritum

782 1271 816 1335 in
838 1275 956 1356 robur,
978 1273 1012 1337 in
1034 1273 1190 1342 solatium.

783 1432 871 1498 Vere
895 1431 970 1500 talis
992 1435 1122 1502 dilectio

783 1555 848 1602 non
871 1537 980 1602 audita
1002 1557 1023 1604 a
1044 1539 1168 1606 aaeculo
1366 1539 1411 1606 5⁰

784 1641 826 1708 de
849 1651 1000 1708 creatura
1021 1643 1130 1726 aliqua

784 1743 924 1808 hnmana
945 1744 1000 1808 vel
1022 1745 1181 1828 angelice

660 1961 671 1972 ι
785 1921 889 2000 Homo
911 1923 1008 1987 talem
1030 1940 1095 1988 non
1115 1923 1236 2005 habuit,

785 2027 860 2110 quia
882 2035 1107 2110 tramgressor
1130 2030 1267 2113 exstitit,

785 2129 887 2193 deluit
908 2127 971 2194 hoc
995 2137 1027 2194 et
1050 2131 1169 2214 angelo
1368 2127 1415 2196 55

785 2234 916 2299 fervore
939 2235 1031 2300 nimis
1054 2235 1174 2322 tepido.

785 2413 862 2498 Dic,
886 2415 955 2498 quis
978 2437 1117 2500 unquam
1140 2415 1308 2502 spirituum

787 2519 842 2584 lric
863 2537 925 2605 pro
947 2521 1052 2586 salute
1077 2521 1240 2586 hominum

789 2624 952 2688 incarnari
974 2642 1010 2688 ae
1033 2623 1180 2707 pertulit,
1408 2680 1412 2686 .

787 2743 853 2789 non
875 2725 963 2808 dico,
987 2741 1115 2790 crucem
1138 2721 1261 2789 subiiti
1370 2719 1417 2788 60

787 2903 858 2972 Hoc
880 2925 1020 2970 summus
1042 2907 1120 2972 lecit
1141 2905 1288 2971 dominus

788 3029 847 3076 sua
868 3009 1012 3076 bonitate
1035 3019 1173 3094 tractus,

788 3116 843 3198 qui
864 3109 957 3180 iratus
981 3113 1070 3180 dedit
1091 3117 1246 3200 pretium,

788 3238 853 3303 quo
876 3221 987 3285 mortis
1009 3220 1108 3284 solvit
1130 3219 1281 3285 debitum.

788 3401 872 3468 Hinc
893 3423 935 3466 ex
957 3403 1056 3485 plena
1077 3403 1191 3468 laetitia
1231 3447 1235 3456 .
1372 3401 1419 3472 65

789 3508 994 3572 concinemus
1017 3525 1102 3574 nuno
1126 3507 1252 3595 ,gloria

789 3613 831 3675 sit
853 3612 916 3676 deo
937 3613 971 3675 in
993 3607 1176 3676 altissimis“

789 3736 853 3780 una
877 3736 948 3781 cum
970 3716 1053 3778 laetis
1077 3713 1212 3794 angelis.

790 3895 859 3962 Hos
882 3897 909 3960 si
931 3895 1037 3978 replet
1062 3894 1109 3956 sio
1131 3889 1250 3975 gaudio

791 4003 894 4067 nostri
920 3997 1174 4081 congratulatio,
1373 3993 1420 4059 ll]

791 4125 851 4170 nos
874 4121 893 4167 o
917 4110 1068 4185 quantum
1091 4099 1318 4183 gaudebimus,

793 4210 907 4293 quibus
931 4206 1078 4271 Christus
1101 4213 1151 4268 est
1176 4203 1296 4268 natust

792 4403 997 4470 Deleotemur
1018 4399 1052 4462 in
1074 4395 1208 4482 proprio

793 4506 887 4572 nobis
909 4521 993 4567 nuno
1015 4507 1092 4564 nato
1116 4497 1259 4575 domiuo,

794 4617 842 4676 tot
864 4608 949 4674 hune
970 4606 1146 4669 mulcentes
1165 4595 1283 4664 osculis
1373 4594 1420 4660 to

111 4727 174 4774 nos
198 4729 347 4796 quaerens
369 4733 434 4780 non
456 4735 491 4782 sc
513 4715 652 4804 penitus.
699 4715 742 4780 40
795 4721 874 4798 quot
896 4713 967 4799 ojus
989 4711 1133 4782 membra
1156 4700 1312 4788 corporis.

1164 4802 1217 4874 ὃ*
