3280 5358
193 314 232 366 iv

284 497 421 582 Siquis
450 496 675 564 collectionem
705 495 899 581 hymnorum
932 493 1086 576 instituit,
1117 513 1190 560 eum
1218 493 1384 580 precipue
1407 513 1505 580 spec·

194 647 268 710 tare
291 644 435 724 oportet,
455 642 563 700 utrum
584 635 619 699 id
638 635 737 700 faciat
758 651 820 719 pro
842 653 904 700 usu
922 633 1157 713 ecclesiastico,
1189 651 1251 698 nec
1272 652 1333 715 ne;
1366 632 1453 716 quod
1475 633 1505 698 si

195 781 287 850 illam
307 777 466 842 rationem
488 774 640 856 sequitur,
663 779 787 837 textum
808 771 1002 856 hymnorum
1025 792 1044 835 e
1066 771 1158 838 libris
1180 769 1409 836 ecclesiasticis
1433 769 1504 836 col·

196 917 288 1003 ligat,
312 911 579 998 quemadmodum
601 911 813 998 proescriptus
838 916 896 992 est,
920 909 1063 992 nihilque
1085 909 1140 973 vel
1161 910 1330 974 immutare
1351 907 1407 971 vel
1428 925 1503 972 cor·

196 1055 309 1140 rigere
332 1053 461 1136 audeat,
485 1070 557 1117 cum
581 1055 689 1114 textus
711 1047 874 1130 legitimus
896 1047 1051 1130 religiose
1074 1046 1256 1113 servandus
1278 1047 1338 1112 sit:
1369 1045 1398 1110 si
1421 1061 1504 1110 vero

196 1193 372 1277 genuinam
395 1189 566 1256 lectionem
593 1185 787 1269 hymnorum
814 1183 1015 1266 investigare
1043 1190 1077 1248 et
1107 1183 1280 1250 restituere
1308 1185 1426 1267 studet,
1448 1204 1504 1248 re-

197 1329 294 1414 gulas
324 1328 453 1395 criticas
480 1332 513 1389 et
536 1323 709 1389 historicas
741 1321 902 1406 adhibeat,
930 1323 1045 1406 quibus
1076 1322 1165 1387 illam
1195 1331 1288 1388 eruat
1310 1331 1344 1387 ct
1365 1329 1504 1388 tueatur.

196 1461 344 1548 Utraque
359 1463 519 1544 collectio,
537 1470 603 1526 tam
622 1461 845 1527 ecclesiastica
859 1480 954 1544 quarn
968 1461 1132 1546 historica,
1147 1461 1214 1526 suis
1228 1460 1352 1545 regulis
1366 1461 1503 1526 circum·

196 1602 363 1684 scribitur,
393 1600 533 1683 ideoque
564 1606 712 1664 neutram
742 1617 815 1664 cum
846 1599 951 1664 ultera
982 1597 1179 1666 confundere
1217 1597 1273 1662 vel
1302 1597 1504 1681 interpolare

196 1743 284 1814 licet.

287 1895 367 1974 Quae
389 1897 422 1962 in
443 1896 507 1962 hac
529 1893 669 1960 editione
692 1893 846 1962 historica
867 1895 1061 1978 hymnorum
1083 1895 1161 1960 mihi
1188 1895 1355 1980 praecipue
1384 1892 1504 1959 adver-

198 2033 299 2101 tenda
321 2033 477 2118 duxerim,
499 2033 645 2100 breviter
667 2051 836 2118 exponam.
873 2031 927 2100 Ac
948 2034 1053 2118 primo
1076 2034 1204 2117 quidem
1222 2039 1504 2100 accuratarecen·

198 2171 292 2238 sione
322 2179 466 2237 textuum
497 2190 579 2256 opus
611 2190 686 2236 esse
715 2171 850 2255 quisque
876 2172 976 2256 ridet,
1006 2192 1101 2256 quam
1122 2173 1249 2238 nonnisi
1271 2191 1335 2258 ope
1358 2168 1506 2235 codicum

196 2311 488 2395 manuscriptorum
523 2309 645 2374 institui
683 2327 783 2393 posse
824 2329 917 2393 aeque
963 2311 1160 2378 conceditur.
1239 2309 1357 2376 Omnes
1395 2310 1505 2392 itaque

197 2445 312 2530 hymni
330 2447 364 2512 in
387 2447 472 2513 hanc
495 2447 719 2514 collectionem
746 2448 873 2532 recepti
896 2468 914 2512 e
941 2449 1107 2517 codicibus
1136 2467 1210 2514 mss.
1240 2448 1408 2534 depromti
1422 2453 1506 2532 sunt,

197 2601 301 2667 quare
323 2585 397 2650 illos
419 2585 622 2670 praetermisi,
645 2603 779 2669 quorum
802 2593 924 2652 textum
943 2609 962 2652 e
980 2589 1123 2657 fontibus
1141 2591 1313 2656 restituere
1326 2607 1391 2654 non
1405 2587 1505 2672 potui,

198 2723 254 2786 vel
288 2723 332 2788 ad
363 2741 444 2806 quos
480 2723 699 2788 emendandos
731 2725 808 2790 mihi
839 2746 914 2790 mss.
946 2727 1128 2794 defuerunt.
1188 2729 1384 2812 Quicumque
1422 2727 1507 2792 enim

195 2862 371 2928 maximam
395 2861 645 2946 discrepantiam
666 2862 815 2926 lectionis
838 2864 871 2928 in
895 2864 989 2928 editis
1012 2865 1140 2948 hymnis
1159 2864 1395 2946 animadvertit,
1418 2864 1507 2928 nullo

197 2997 296 3066 modo
318 2999 437 3065 infitias
460 3001 527 3084 ibit,
550 3019 612 3064 nos
633 2999 708 3065 huic
730 3001 815 3065 malo
845 3002 971 3066 nonnisi
1001 3003 1193 3068 auctoritate
1218 3003 1508 3086 manuscriptorum

196 3135 323 3202 mederi
355 3155 469 3223 posse,
503 3157 574 3204 cum
609 3139 850 3204 emendationes
887 3141 943 3206 illo
982 3141 1189 3206 fundamento
1228 3143 1401 3206 destitutae
1439 3161 1508 3206 rem
1541 3217 1543 3221 ¹

193 3273 348 3358 pejorem
377 3277 517 3342 reddant
543 3285 640 3362 atque
668 3279 864 3363 conjecturis
896 3287 1018 3346 temere
1050 3281 1199 3348 admissis
1226 3290 1333 3347 textus
1364 3301 1508 3348 corrum-

194 3423 296 3502 ‚patur
317 3417 425 3500 potius
448 3438 543 3504 quam
567 3419 758 3504 corrigatur.
781 3507 784 3510 Ι
806 3419 889 3486 Nam
909 3441 980 3488 curn
1002 3422 1036 3486 in
1058 3423 1108 3486 his
1127 3425 1224 3489 rebus
1247 3424 1331 3488 ratio
1354 3421 1510 3486 historica

193 3556 369 3638 sequenda
391 3559 441 3642 sit,
474 3566 657 3643 temporum
683 3559 922 3626 vicissitudines
946 3562 1132 3627 discernere
1156 3569 1295 3648 oportet,
1327 3567 1362 3625 ut
1384 3567 1506 3624 textum

197 3693 422 3779 cujuscunque
449 3691 567 3781 hymni
593 3716 651 3762 suo
674 3698 794 3780 nativo,
825 3705 860 3762 ut
884 3700 929 3763 ita
959 3699 1073 3779 dicam,
1097 3701 1207 3764 colore
1233 3699 1449 3782 exprimamus
1473 3702 1507 3760 et

198 3833 372 3914 genuinum
396 3853 465 3900 suae
488 3836 593 3902 aetatis
617 3835 799 3922 exemplum
822 3835 1039 3902 exhibeamus.
1092 3835 1214 3914 Quodsi
1235 3836 1352 3900 multos
1376 3835 1504 3900 codices

166 3969 167 3972 ’
198 3988 323 4055 cosque
346 3975 580 4038 vetustissimos
614 3981 647 4039 et
679 3975 816 4058 optimos
846 3975 1008 4057 habueris,
1041 3995 1109 4038 rem
1131 3975 1270 4040 faciliori
1291 3975 1424 4056 negotio
1447 3993 1505 4036 ex·
1594 4063 1596 4068 ι

198 4109 357 4193 sequaris,
380 4111 510 4176 sivero
532 4129 665 4194 paucos,
688 4111 862 4196 prudentia
884 4118 916 4175 ct
940 4113 1153 4195 temperantia
1176 4131 1257 4197 opus
1282 4120 1341 4196 est,
1364 4132 1405 4176 ne
1429 4111 1506 4196 quid

198 4247 293 4314 nimis
317 4268 408 4334 agas,
438 4249 498 4314 sed
526 4251 607 4334 aliis,
637 4250 691 4333 qui
714 4249 809 4334 copia
830 4251 1120 4336 manuscriptorum
1148 4251 1323 4336 gaudeant,
1353 4250 1449 4334 plura
1473 4256 1506 4312 et

197 4387 336 4454 meliora
357 4388 507 4472 proferre
530 4389 703 4472 rehnquas.

288 4557 336 4624 At
358 4559 505 4624 codicum
523 4579 597 4626 mss.
621 4561 762 4628 conditio
785 4565 879 4629 varia
900 4565 1163 4650 deprehenditur.
1202 4561 1284 4628 Cum
1298 4559 1505 4640 enimlingua

199 4695 302 4764 latina
322 4697 356 4764 in
378 4701 555 4786 provinciis
578 4702 728 4790 dispersa
751 4711 783 4768 et
804 4705 984 4772 rusticitate
1008 4712 1163 4791 corrupta
1183 4705 1339 4791 paulatim
1361 4705 1507 4768 emortua
