3312 5366
450 713 532 791 152.
563 712 669 788 Faria
695 713 851 792 emunda
875 711 1014 814 paseha
1039 715 1283 812 (capenam).

114 935 119 944 ·
210 902 242 964 1.
265 897 448 980 Pangamus
472 900 629 964 creatoris

265 1007 362 1083 atque
385 999 599 1085 redemptoris

265 1103 421 1187 gloriam,

208 1290 241 1352 2.
265 1286 326 1364 Qui
348 1289 431 1352 bene
453 1295 597 1370 creatos,

264 1389 324 1454 sed
346 1389 497 1456 seductos
521 1391 640 1456 astutia

264 1525 383 1593 Gallidi
406 1527 581 1612 serpentis,

263 1627 323 1693 sud
343 1629 459 1694 refecit
480 1627 601 1712 gradi,

809 899 814 910 ’
942 899 985 966 ad
1007 921 1043 966 se
1066 902 1121 966 vel
1143 901 1262 985 corda,
1284 902 1340 966 vel
1361 923 1496 970 munera

943 1004 1119 1070 adtrahens
1140 1013 1219 1070 nutu
1240 1005 1383 1090 gentilia.

881 1173 919 1236 c.
943 1169 1044 1248 Quem
1065 1178 1161 1253 pater
1183 1171 1215 1234 in
1237 1189 1320 1236 voce
1473 1174 1513 1236 30

941 1283 1039 1360 atque
1061 1275 1191 1359 spiritus
1210 1284 1340 1342 sanctus
1403 1289 1408 1300 '

942 1379 1052 1463 specie
1073 1377 1255 1462 glorificat,

892 1609 895 1614 Ι
940 1517 1092 1583 Visentes
1114 1517 1282 1590 doctorem
1372 1571 1374 1576 .
1435 1487 1437 1492 Ι

939 1623 993 1686 vel
1017 1622 1212 1688 archiatrum
1235 1621 1353 1687 docent

210 1813 242 1877 3.
264 1809 451 1876 Praedicens
473 1813 626 1898 futurum,

264 1920 299 1978 ut
321 1933 455 1996 germen
473 1924 586 1981 sancta
601 1916 770 2016 proferret

264 2017 398 2102 femina,

888 1889 917 1951 7.
942 1883 1001 1962 Qui
1025 1893 1196 1970 postquam
1219 1888 1332 1952 salutis
1355 1885 1441 1956 dona

795 2023 835 2086 10
940 1989 1030 2053 dedit
1017 1990 1164 2073 tmulta‚
1188 1989 1409 2073 doctrinaeque

940 2094 1097 2178 perplura
1118 2097 1221 2159 verba
1240 2113 1298 2162 ore
1321 2113 1380 2164 suo

265 2155 358 2234 Quod
380 2156 481 2220 hostis
504 2155 625 2238 antiqui
940 2197 1159 2279 promulgavit
1183 2197 1409 2279 saluberrima,

264 2278 383 2446 1013ξίζέ
405 2269 619 2346 exsuperaret
940 2331 997 2398 Ad
1012 2337 1143 2418 probra,
1163 2343 1267 2419 sputa,
1291 2336 1448 2420 colaphos
1471 2337 1513 2400 to

802 2467 804 2474 ¹
941 2443 975 2500 et
996 2435 1128 2518 flagella
1150 2415 1276 2501 vestem
1299 2456 1428 2520 quoqne
1640 2442 1641 2454 ¹

209 2556 240 2618 5.
264 2553 357 2631 Quod
378 2553 525 2637 primitus
941 2539 1018 2603 ludo
1041 2542 1208 2622 quaesitam
1231 2549 1265 2605 et
1286 2543 1435 2624 spineum

262 2657 391 2741 perdita
414 2659 517 2722 serius

262 2767 374 2824 nostra
396 2768 531 2825 cernunt
553 2759 690 2841 saecula,
886 2781 917 2870 '3'
942 2806 1021 2884 9¹¹ae
1043 2808 1140 2872 hodie
1163 2809 1348 2892 triumphali

941 2911 1107 2974 amortuis
1121 2929 1297 2994 resurgens
1312 2911 1437 2996 sprevit
1470 2912 1512 2975 55

826 3010 829 3019 ’
933 3011 1091 3095 ¹victoria,

263 2896 343 2961 Cum
365 2896 519 2980 plendida

263 3000 399 3064 flosculo
421 3001 551 3082 virgula

264 3122 351 3169 novo
374 3105 481 3190 pollet·
498 3103 612 3172 Maria.
940 3151 1070 3220 Dama
1092 3171 1203 3221 seeum

939 3256 1115 3339 primitiva
1123 3257 1167 3322 ud
1188 3259 1290 3323 caelos
1312 3260 1470 3375 membra,

872 3383 875 3398 ι
940 3365 974 3421 et
995 3377 1099 3440 nuper

940 3461 1100 3546 dispersa
1113 3481 1272 3530 revocans
1340 3493 1344 3505 ¹
1472 3466 1515 3529 50

939 3568 1054 3652 ovilia3

209 3287 241 3350 5.
265 3283 325 3362 Qui
348 3284 452 3348 editus
777 3285 835 3360 *20
869 3291 871 3300 ’

262 3387 343 3452 mire
365 3386 465 3450 edidit
486 3381 655 3467 miracula,

261 3525 331 3594 Nec
348 3527 480 3610 ,iuvenis

261 3641 398 3714 tanturm,
420 3631 481 3696 sed
502 3632 610 3696 statim
633 3631 717 3696 inter
739 3649 807 3694 suae
918 3667 932 3688 ι.

260 3737 438 3801 nativitatis
459 3736 652 3821 primordia,

264 3875 328 3940 Per
352 3875 467 3938 sideris
792 3873 833 3934 25
908 3907 911 3918 =

940 3704 1019 3782 Quae
1036 3714 1075 3770 et
1097 3707 1191 3772 nobis
1259 3757 1262 3766 ,

938 3807 972 3870 in
986 3806 1059 3893 ‘fine
1083 3807 1254 3892 speranda,
1278 3808 1354 3872 lieet

939 3911 1050 3976 ultima
1151 3973 1153 3980 .

939 4018 1084 4100 membra
1107 4015 1220 4098 simus,
1245 4013 1384 4102 spondet
1473 4015 1515 4084 55

261 4116 400 4183 Judaica
939 4116 1034 4182 dona.

260 3977 367 4042 lumen
390 3979 445 4044 vel
467 3976 633 4080 Simeonis¹
649 3979 752 4041 verba

296 4274 375 4328 Naeh
399 4275 452 4329 den
470 4277 533 4331 liss,
553 4293 587 4332 nu
604 4279 747 4348 Miinehem
764 4278 834 4336 Glm
848 4275 949 4340 ’15525
966 4275 986 4333 f.
1004 4277 1111 4332 55551
1132 4281 1164 4330 11
1182 4278 1280 4334 Jahrn
1316 4278 1367 4333 Die
1385 4277 1517 4348 Sequenn

203 4367 245 4421 ist
263 4381 320 4420 von
341 4365 452 4420 Notker
470 4367 528 4421 und
546 4367 621 4422 steht
638 4368 667 4422 in
685 4367 777 4422 seiner
797 4366 962 4437 Sammlung
980 4367 1043 4436 (Α).
1076 4363 1145 4420 Clm.
1164 4365 1250 4419 15855
1269 4362 1288 4419 i
1306 4367 1349 4420 31.
1369 4367 1403 4418 12
1416 4365 1518 4420 Jahrb.

205 4456 270 4524 (B).
306 4453 374 4510 Cim.
395 4454 490 4508 11505.
519 4451 540 4508 f.
559 4455 617 4510 too.
646 4458 678 4510 11
697 4455 794 4513 cmm.
820 4457 887 4526 (G),
922 4456 970 4516 us.
987 4472 1024 4518 uu
1040 4453 1188 4524 stuttgart
1206 4452 1276 4511 Bibl.
1294 4452 1347 4508 No.
1365 4453 1408 4506 20.
1433 4449 1516 4506 563.

207 4545 239 4597 11
260 4542 359 4598 Jahrh.
378 4542 443 4612 (D).
469 4543 516 4598 Hs.
535 4560 570 4600 nu
582 4543 720 4616 Freiburg
734 4545 787 4600 No.
801 4544 842 4600 65.
862 4545 896 4598 15
908 4543 1007 4604 imru
1026 4542 1089 4612 (d).
1116 4541 1167 4604 Rei
1180 4542 1232 4597 Pez
1246 4543 1370 4600 theram.
1384 4538 1517 4596 anecdot.

206 4631 307 4699 nonl,
328 4633 350 4684 1.
377 4647 404 4701 p.
422 4633 458 4686 25
477 4631 538 4700 (Ρ).
575 4632 633 4686 Ans
662 4632 725 4688 dem
750 4627 977 4694 womuomtter
999 4629 1150 4692 membres
1176 4629 1223 4684 bei
1246 4628 1327 4684 Necte
1350 4626 1515 4698 sequentia

206 4732 235 4792 p.
253 4718 287 4773 55
310 4718 376 4793 (Ν),
412 4717 459 4784 iis.
477 4736 513 4778 uu
530 4719 674 4796 Stuttgart
701 4721 785 4778 Brev.
804 4720 856 4780 No.
875 4721 934 4780 12³.
962 4717 982 4778 f.
1001 4721 1060 4778 195.
1087 4718 1135 4778 des
1156 4721 1189 4780 12
1206 4716 1302 4777 cahra
1321 4715 1371 4774 urit
1388 4715 1520 4773 Noumen

941 1726 1132 1791 auctoritate
1156 1745 1224 1790 sua.
1261 1807 1264 1814 .
1471 1726 1512 1788 35
1637 1813 1638 1826 ἱ

795 2658 835 2720 15
941 2644 1031 2707 venit
1044 2651 1174 2727 sertum,
1196 2663 1235 2710 ac
1250 2645 1354 2712 crucis
1368 2642 1514 2726 brachia,
1641 2672 1642 2686 ι
