3316 5358
194 265 261 336 {12

194 455 272 524 Vita
294 455 419 542 mundi,
441 455 511 523 vita
532 457 636 544 follis,

194 561 289 629 nimis
311 561 385 626 vilis
408 569 505 645 atque
527 563 649 648 mollis,

195 681 269 728 oum
290 671 326 728 tu
348 663 393 729 sis
414 663 502 728 iners
520 672 555 729 et
575 663 680 751 rudis,

195 775 336 834 mentem
357 761 462 835 meam
484 789 542 837 our
566 769 723 838 deludis?
781 769 823 838 60

195 925 272 994 Vita
293 928 403 995 mundi
423 949 478 996 res
501 929 678 1016 immunda,

194 1029 276 1096 solis
297 1030 402 1115 impiis
419 1032 584 1117 jooundu,

194 1134 423 1201 nutrimentum
444 1137 614 1220 vitiorum,

195 1238 274 1322 quid
296 1239 400 1310 babes
421 1241 455 1306 in
476 1248 511 1306 te
533 1241 713 1308 denorum?

194 1415 273 1483 Vita
294 1396 404 1484 muudi
421 1439 476 1486 res
494 1419 632 1503 lasciva,
779 1421 822 1486 65

196 1541 301 1606 oaeoa,
325 1525 431 1608 ebria,
456 1525 603 1608 captiva,

195 1625 403 1692 immunditiae
426 1627 561 1710 lagena,

194 1747 298 1813 quare
321 1729 466 1796 orederis
490 1729 643 1796 amoenal

195 1907 274 1976 Vita
297 1909 406 1973 mundi
426 1930 480 1976 res
503 1909 656 1995 molesta,

195 2011 264 2078 vita
284 2013 388 2098 turpis
411 2022 443 2079 et
465 2015 604 2096 incesta,

195 2135 268 2182 oum
291 2117 336 2180 sis
360 2119 453 2182 nimis
475 2117 662 2202 inhonesta,
696 2151 701 2156 ·

194 2239 254 2286 our
275 2240 327 2285 me
346 2223 474 2307 appetis
496 2222 642 2288 infestat

781 2011 823 2078 70

194 2397 272 2464 Vita
294 2397 407 2465 mundi
425 2419 479 2464 res
500 2398 664 2482 meudina,

193 2505 354 2588 impotens
377 2511 410 2567 et
431 2503 607 2588 impudioa,

193 2623 267 2674 oum
289 2607 333 2671 sis
355 2605 449 2672 bonis
472 2605 616 2687 inimioa,

192 2728 252 2776 our
273 2728 325 2773 me
347 2708 432 2792 petis
453 2714 490 2772 ut
511 2705 643 2772 amica?

778 2602 821 2668 ts

193 2893 272 2960 Vita
293 2895 402 2960 mundi
423 2915 478 2960 res
500 2916 627 2978 amara,
732 2935 738 2946 ·

193 2995 292 3062 valde
315 2998 425 3064 brevis
448 3005 482 3062 et
502 2999 634 3081 ignara,

193 3119 267 3167 oum
289 3101 333 3164 sis
356 3109 425 3166 tota
446 3101 546 3184 plena
568 3101 662 3185 dolo,

191 3224 253 3270 our
275 3205 308 3268 in
331 3212 364 3269 te
387 3207 501 3271 vivere
523 3205 627 3270 voloi

194 3382 272 3448 Vita
293 3383 403 3448 mundi
425 3385 513 3448 nulla
534 3385 616 3468 vita,

192 3487 227 3551 in
250 3505 394 3551 aerumna
416 3505 545 3570 semper
569 3487 646 3570 sita,

194 3611 266 3658 oum
289 3599 324 3657 tu
346 3611 476 3677 semper
497 3593 662 3675 moriaris,

190 3694 272 3778 quid
293 3697 326 3759 in
347 3717 398 3762 me
422 3705 510 3761 stare
535 3696 690 3762 nonnul

190 3874 271 3942 Vita
292 3876 401 3940 mundi
422 3877 524 3961 pestis
547 3877 645 3960 foeda,
776 3875 818 3940 85

190 3977 371 4044 animarum
393 4000 483 4047 saeva
504 3979 632 4065 praeda,

189 4100 266 4148 oum
288 4083 332 4146 sis
355 4083 432 4148 mihi
454 4083 580 4168 pondus
603 4103 723 4168 grave,

189 4204 234 4248 ne
256 4195 308 4250 ine
330 4192 464 4283 tangam,
487 4203 621 4270 precor,
645 4203 735 4252 eave.

189 4351 312 4418 Desine
333 4353 408 4418 mihi
432 4352 581 4437 plaeere,

188 4457 261 4520 ‘noli
282 4457 358 4520 mihi
384 4457 601 4540 congaudere,
649 4493 651 4500 ·

142 4627 143 4630 Ἴ
190 4557 305 4626 desino
327 4579 379 4627 mo
400 4563 610 4643 conturbare,

777 4457 821 4522 90

189 4663 275 4746 noli,
299 4682 426 4748 quaeso,
449 4685 501 4728 me
523 4683 642 4730 amare.
821 4693 826 4704 ·

750 3197 819 3272 ‘80

858 439 1330 527 ='li1a'eunetablandlmenta
1403 493 1406 502 =

875 565 994 646 reputo
1017 559 1109 630 velut
1130 569 1307 649 tormenta,

875 671 911 729 ot
931 662 1055 731 ideireo
1076 685 1119 730 ne
1141 667 1186 730 sis
1208 667 1312 753 lenta,
1363 753 1368 765 1

875 785 928 833 me
951 765 1087 851 dimitte,
1110 767 1326 838 fraudulente

875 927 979 996 'l'uum
1000 947 1141 997 exeoror
1163 950 1322 1018 amorem,

835 1039 839 1046 '
875 1038 964 1100 tuum
986 1047 1090 1098 renuo
1112 1033 1277 1118 favorem,

875 1142 964 1202 tuum
986 1135 1105 1202 desero
1127 1156 1295 1222 saporem,

875 1246 965 1306 tuum
986 1258 1053 1314 uon
1075 1259 1148 1308 amo
1170 1242 1333 1310 decorem.
1441 1245 1508 1312 roo
1633 1303 1634 1308 ,

874 1415 953 1512 Ego
971 1426 1006 1486 to
1027 1439 1190 1506 nunquam
1212 1423 1330 1489 amabo

875 1529 910 1588 et
931 1523 965 1589 in
987 1531 1020 1589 te
1044 1544 1206 1610 nunquam
1228 1530 1386 1612 sperabo,

875 1644 1007 1712 semper
1030 1635 1146 1694 eontra
1167 1637 1201 1694 te
1223 1633 1395 1716 pugnabo,

875 1727 919 1794 nd
941 1735 974 1794 te
996 1749 1158 1814 uunquam
1181 1734 1417 1818 propinqunbo.

874 1907 941 1976 Per
961 1916 995 1976 te
1016 1911 1122 1998 ipsam
1145 1919 1234 1980 oerte
1252 1915 1350 2002 juro,
1483 1919 1507 1982 5

876 2013 964 2080 dona
986 2021 1043 2080 tua
1064 2015 1145 2081 nihil
1167 2036 1262 2101 euro,

875 2117 952 2202 quia
973 2123 1069 2201 potes
1091 2119 1138 2182 nil
1160 2118 1284 2184 donare

874 2221 937 2286 uisi
957 2239 1073 2307 poenus
1095 2230 1130 2288 et
1150 2224 1292 2311 plorare.

875 2393 966 2480 Ergo
988 2396 1057 2462 vita
1079 2396 1230 2483 taediosa,

875 2515 967 2563 amor
988 2499 1098 2567 mundi
1118 2519 1173 2565 res
1196 2504 1371 2586 probrosa,

875 2621 934 2668 our
956 2594 1092 2667 sectaris
1113 2601 1309 2688 fugientem,

875 2723 933 2771 our
954 2723 1020 2770 non
1042 2708 1170 2790 spernis
1192 2714 1226 2772 te
1248 2709 1482 2792 spernentem?

1462 2501 1532 2570 10'

873 2884 951 2952 Vita
972 2886 1082 2954 muudi
1104 2888 1211 2954 earnis
1233 2907 1341 2974 amor,

873 2997 988 3058 eontra
1010 3010 1106 3074 quam
1129 3000 1180 3058 est
1200 3011 1291 3058 meus
1314 2993 1452 3080 elamor,

873 3111 975 3176 quare
996 3110 1062 3158 non
1083 3094 1326 3178 verecundaris,

873 3215 931 3262 our
952 3197 1087 3262 invitum
1105 3199 1327 3282 amplexaris?

1459 3097 1503 3163 ts

871 3377 1039 3446 Erubesce
1057 3376 1128 3465 jam
1151 3389 1184 3446 et
1206 3379 1302 3466 oede,

814 3547 817 3556 ,
872 3503 966 3549 ame
989 3483 1081 3549 eitius
1104 3485 1239 3568 reoede,

872 3593 907 3652 et
927 3581 970 3652 ni'
984 3587 1082 3652 oedar
1106 3608 1177 3655 oum
1201 3607 1327 3674 amore,

872 3697 905 3754 te
927 3691 1085 3774 repellam
1108 3711 1180 3756 oum
1203 3691 1325 3758 dolore.

871 3873 996 3940 Pellam
1017 3882 1052 3939 to
1074 3871 1114 3938 de
1138 3873 1239 3939 eorde
1260 3891 1334 3939 meo

872 3978 1048 4062 adjuvante
1071 3976 1202 4043 Christo
1226 3978 1303 4061 deo,

871 4101 933 4147 neo
955 4077 1139 4164 permittam
1161 4087 1194 4145 te
1217 4079 1344 4163 redire,

872 4187 901 4252 si
922 4185 1061 4252 deberes
1082 4185 1224 4251 interire.

871 4355 921 4423 No
944 4352 1082 4429 mireris,
1103 4351 1206 4437 pestis
1229 4349 1316 4432 dira,

873 4459 902 4523 si
922 4464 955 4522 te
977 4475 1158 4540 persequar
1181 4473 1253 4520 oum
1275 4454 1338 4537 ira,

872 4561 949 4645 quia
970 4559 1104 4654 mihifftu
1125 4557 1247 4638 feobti,

872 4663 1030 4748 quidquid
1052 4663 1128 4732 mali
1149 4661 1292 4748 potuisti.

1463 669 1507 736 os

1457 3695 1504 3759 2⁰

1456 4327 1634 4414 25³
