3280 5358
707 498 768 572 38.
805 497 864 568 De
887 491 1019 567 eadem.

210 663 371 751 Speciosa
392 627 478 749 parit
499 665 594 750 virgo
612 670 772 753 virginum
887 667 989 736 Porta
1011 667 1141 734 Christo
1163 665 1225 734 soli
1246 667 1369 752 patuit,

211 769 394 854 speciosum
414 789 486 853 prae
508 769 582 834 filiis
604 771 779 855 homiuum,
889 773 944 856 qui
965 771 1131 838 nascendo
1155 770 1249 838 nobis
1271 769 1357 836 hauc
1377 767 1516 855 aperuit.

210 871 381 991 gaudia&
637 979 644 994 ,
887 911 964 978 Vox
984 919 1137 998 paterna·
1152 929 1252 996 super
1273 908 1436 976 Christum
1458 929 1516 977 so·

209 973 319 1040 Mater
339 985 526 1062 incorrupta
547 987 678 1062 genuit,
1231 1015 1317 1094 nuit,
1472 1016 1514 1082 10

210 1079 290 1148 felix
310 1102 405 1166 vere,
429 1083 503 1165 quia
525 1083 589 1148 deo
610 1082 741 1168 placuit.
815 1085 836 1146 5
887 1121 920 1185 in
943 1120 1093 1186 ,olma
1114 1119 1246 1205 spiritus
1268 1118 1428 1204 apparuit,

210 1269 358 1354 Hostem,
389 1291 451 1356 per
480 1289 575 1354 quem
596 1270 717 1355 primus
739 1239 835 1337 homo
888 1272 994 1364 Culpa
1016 1271 1131 1340 carens
1160 1273 1273 1358 culpas
1302 1281 1432 1339 nostras
1454 1274 1515 1341 ab·

557 1372 693 1456 corruit,
1231 1378 1307 1462 luit,

209 1475 306 1562 hujus
335 1482 449 1561 partus
478 1485 713 1544 sacramentum
734 1479 835 1544 latuit
887 1480 973 1564 perit
986 1479 1051 1564 ira,
1071 1500 1167 1564 quam
1186 1479 1238 1544 vir
1254 1480 1377 1565 primus
1389 1477 1515 1545 meruit

297 1659 428 1714 Dieselbe
446 1659 494 1715 Hs.

296 1779 330 1835 V.
347 1781 372 1838 6.
389 1783 415 1835 i.
449 1780 509 1836 Hoc
527 1780 626 1852 ipsum,
645 1779 720 1852 quod
738 1781 867 1838 Christus
884 1782 963 1838 nasci
981 1781 1069 1854 elegit
1086 1798 1122 1838 ex
1138 1781 1258 1854 virgine,
1275 1798 1368 1837 nonne
1382 1785 1515 1854 apparet,

211 1867 357 1925 altissimae
385 1866 473 1924 fuisse
500 1869 642 1924 rationis?
676 1874 709 1925 ut
734 1869 844 1925 scilicet
870 1875 964 1926 natam
991 1871 1111 1926 humano
1130 1869 1229 1942 generi
1246 1869 1366 1924 salutem
1384 1869 1515 1924 diabolus

208 1957 370 2029 ignoraret,
397 1963 439 2026 et,
464 1956 588 2028 spiritali
610 1957 717 2016 latente
741 1961 895 2028 conceptu,
927 1971 1008 2028 quem
1026 1973 1083 2012 non
1101 1957 1186 2011 alium
1203 1956 1314 2012 videret
1332 1973 1414 2028 quam
1432 1957 1515 2028 alios,

209 2060 267 2099 nou
284 2044 369 2099 aliter
387 2045 516 2100 crederet
534 2049 629 2100 natum
647 2059 710 2098 esse
728 2059 811 2114 quam
824 2048 943 2099 ceteros.
971 2045 1053 2117 cujus
1071 2045 1143 2099 enim
1161 2044 1279 2099 similem
1297 2061 1357 2100 cum
1375 2045 1515 2102 universis

211 2130 338 2186 advertit
356 2136 497 2208 naturam,
522 2148 619 2202 parem
637 2131 742 2187 habere
760 2132 915 2188 arbitratus
933 2137 1056 2189 osteum
1074 2133 1202 2189 omnibus
1220 2149 1347 2203 eausam,
1365 2149 1417 2188 uec
1434 2133 1516 2189 intel-

208 2219 279 2274 lexit
302 2235 320 2274 a
344 2219 579 2291 transgressionis
603 2205 881 2288 vinculis‘liberum,
909 2235 990 2290 quom
1013 2220 1049 2274 ab
1072 2216 1234 2276 infirmitate
1257 2221 1439 2276 mortalitatis
1457 2238 1515 2277 non

208 2305 317 2362 invenit
334 2307 461 2362 alienum.
492 2323 581 2362 verax
598 2324 715 2377 namque
733 2308 929 2363 misericordia
947 2307 1005 2376 dei,
1030 2323 1092 2366 cum
1110 2308 1147 2362 ad
1164 2307 1349 2380 reparandum
1366 2309 1514 2364 humanum

210 2411 300 2468 genus
319 2394 501 2451 ineffabiliter
520 2397 547 2450 ei
563 2396 652 2451 multa
669 2400 859 2466 suppeterent,
877 2397 950 2450 hauc
963 2396 1138 2466 potissimum
1152 2395 1316 2450 consulendi
1329 2396 1404 2450 viam
1418 2395 1513 2466 elegit,
1621 2463 1622 2468 ἵ

210 2497 267 2554 qua
294 2484 332 2539 ad
358 2483 554 2538 destruendum
581 2499 653 2554 opus
672 2483 780 2540 diaboli
802 2499 859 2537 uon
877 2483 983 2537 virtute
1002 2487 1129 2537 uteretur
1146 2483 1299 2553 potentia,
1332 2484 1384 2538 sed
1402 2484 1514 2539 ratione
1621 2527 1622 2544 ,

205 2570 334 2644 justitiae.
362 2587 425 2625 nam
448 2570 581 2640 superbia
603 2570 694 2625 hostis
720 2569 826 2640 antiqui
849 2586 905 2624 non
930 2570 1068 2625 immerite
1087 2570 1141 2624 sibi
1158 2569 1187 2624 iu
1206 2586 1301 2626 omues
1320 2571 1449 2626 homines
1462 2570 1514 2642 jus
1621 2565 1622 2640 J

209 2659 385 2730 tyrannicum
408 2659 582 2726 vindicabat,
614 2673 665 2712 nec
689 2657 812 2712 indebito
837 2656 979 2711 dominatu
1002 2657 1161 2728 premebat,
1194 2674 1264 2728 quos
1283 2657 1449 2714 amandato
1468 2656 1516 2712 dei

211 2751 384 2817 spontaneos
410 2747 440 2799 iu
464 2745 627 2815 obsequium
654 2761 713 2799 suae
737 2744 892 2800 voluntatis
916 2744 1054 2798 illexerat
1086 2759 1143 2799 uon
1167 2744 1260 2816 itaque
1274 2747 1354 2818 juste
1373 2743 1515 2800 amitteret

210 2831 379 2902 originalem
396 2833 507 2886 humani
525 2832 637 2903 generis
656 2832 836 2902 servitutem,
866 2832 920 2887 nisi
939 2831 973 2886 de
991 2847 1044 2900 eo,
1068 2832 1144 2902 quod
1162 2831 1327 2905 subegerat,
1346 2833 1512 2888 vinceretur.

212 2921 291 2978 Leon.
309 2936 342 2974 aa
360 2937 441 2975 serm.
459 2923 502 2988 22,
520 2922 545 2974 3.

676 3223 679 3228 '
707 3203 768 3278 39.
807 3203 865 3274 De
892 3201 1023 3274 eadem.

212 3372 364 3440 Continet
397 3373 482 3440 hunc
517 3375 658 3456 genitrix
690 3375 724 3439 iu
760 3394 837 3457 gre·
889 3373 968 3452 Quae
982 3391 1150 3456 magorum
1163 3373 1321 3437 intimavit
1335 3373 1449 3456 animo,

570 3478 650 3560 mio,
887 3483 923 3542 ut
936 3478 1102 3560 probetur,
1117 3475 1197 3540 deus
1211 3483 1354 3538 essetan
1369 3475 1474 3558 homo,

211 3582 318 3648 omnia
340 3582 395 3666 qui
416 3579 559 3646 condidit
581 3602 623 3644 ex
645 3579 761 3662 nihilo,
889 3580 974 3662 auri,
998 3579 1101 3642 thuris
1125 3586 1220 3661 atque
1234 3578 1376 3662 myrrhae
1391 3580 1516 3664 preti03

209 3694 345 3769 terram,
367 3706 473 3768 mare,
497 3683 606 3748 sidera
628 3703 700 3749 cum
721 3683 836 3746 infero.
931 3703 1006 3746 uam
1027 3690 1101 3746 suut
1121 3682 1277 3766 mysterio

253 3785 329 3855 Ave
350 3797 454 3853 mater
475 3788 586 3852 inclito
931 3793 1022 3851 tauto
1044 3786 1118 3868 regi
1140 3803 1295 3867 congruo.
1472 3787 1513 3850 15

254 3892 354 3975 dlgssa
374 3909 558 3978 puerilem·
816 3891 836 3952 ⁵
887 3950 1017 4017 Narnia
1031 3967 1110 4015 auro
1128 3949 1217 4032 regis
1232 3956 1282 4014 est
1296 3950 1439 4015 ostensio

212 4055 313 4143 Cujus
336 4065 440 4122 ortum
462 4055 613 4120 rutilante
635 4053 728 4119 radio
890 4063 924 4120 et
945 4055 978 4118 in
1000 4055 1095 4118 thure
1118 4054 1227 4119 divina
1250 4055 1397 4121 condicio

211 4163 306 4227 stella
327 4164 450 4228 micans
471 4159 635 4224 nunciavit
657 4158 793 4240 saeculo,
889 4167 923 4224 et
943 4159 977 4223 in
999 4158 1133 4242 myrrha
1150 4159 1301 4244 sepulcra
1322 4158 1378 4222 vel
1390 4157 1500 4224 unctio
1507 4179 1518 4241 ;

89 4307 94 4316 ι
210 4285 375 4350 nunquam
397 4266 469 4329 visa
491 4271 637 4347 tempore
659 4262 836 4346 praeterito,
931 4261 1017 4326 unde
1039 4279 1101 4346 pro
1123 4261 1264 4345 tripudio

255 4371 374 4438 ceteris
402 4368 593 4454 praeclarior
932 4371 1029 4448 atque
1051 4363 1156 4430 laudis
1174 4365 1280 4450 jubilo
1472 4365 1517 4429 20
1617 4345 1618 4408 ἶ

254 4481 328 4539 orta
356 4480 433 4537 nato
457 4472 595 4537 domino.
796 4467 836 4532 10
888 4465 1059 4534 benedicat
1074 4487 1189 4534 servus
1202 4470 1285 4536 liber
1300 4469 1438 4536 domino.

300 4606 432 4666 Dieselbe
450 4607 497 4664 Hs.

299 4715 318 4771 c
338 4718 412 4788 ortu,
431 4715 478 4774 lls.
515 4715 548 4770 11
567 4710 749 4787 probaretur,
767 4707 815 4766 lis.
850 4709 892 4766 14.
910 4710 944 4766 15
964 4708 1074 4768 besses:
1092 4708 1154 4768 haec
1172 4707 1309 4784 mysteria
1328 4739 1360 4752 -
1380 4721 1521 4780 congrua-
