3280 5358
1371 263 1420 340 ¹2

112 457 208 516 hister
224 458 332 531 irriger
349 457 449 514 Weiss
466 457 511 516 als
529 451 736 510 vertumnus
753 449 804 508 (les
822 451 1010 522 upplistlm
1022 451 1130 510 Ιιιιοι
1143 453 1322 526 angustam,
1348 465 1416 510 w

110 545 343 614 munitissimi,
373 546 431 602 uutl
447 547 553 602 Areas
574 539 728 614 hymetia
751 537 898 610 snpmiea
920 554 947 609 n
966 541 1026 594 stt
1050 545 1118 614 aaut
1141 539 1229 596 ωσι·
1246 555 1304 597 von
1321 539 1418 600 sins·

109 633 234 705 llymnus
252 632 302 688 rlss
319 633 346 688 ln.
364 632 512 700 Benhart,
530 629 582 684 rlsr
599 627 705 683 sbsuso
723 625 831 698 gelant
847 625 894 696 ist,
911 625 963 680 mit
979 626 1115 684 Uerselt:
1133 627 1221 698 multi,
1239 627 1419 700 mutuos·

107 723 214 789 rarent,
231 718 354 776 servatis
372 718 504 774 carminis
520 715 629 788 regulis
646 729 758 772 sensnm
775 711 876 784 pietati
893 713 1100 770 aooomoiari
1111 729 1207 786 posu,
1224 715 1304 772 illam
1316 720 1418 772 tenus·

107 811 175 862 runt
191 806 275 875 riam,
293 809 325 861 ut
341 821 485 861 numerum
501 803 686 875 syllabarum,
703 801 751 874 qui
764 801 858 856 cantui
870 799 988 857 itlonsus
1001 806 1085 872 esset,
1101 803 1264 872 retinerent,
1280 801 1416 862 matrim

107 893 191 965 leges
209 894 322 964 penitus
340 896 554 949 contemnerent.
588 891 667 946 Deum
691 888 736 946 tlie
754 887 858 946 listrik
880 888 932 946 ἀοι
949 889 1095 959 {institit
1112 891 1162 949 nat
1178 891 1280 950 tetum
1296 891 1417 966 Vomg

108 995 164 1037 vor
177 980 278 1054 jener,
297 980 342 1036 die
359 977 413 1037 aut
427 980 477 1036 (lar
494 981 643 1052 nemausa
661 979 770 1035 sumit

200 1117 232 1174 v.
251 1119 275 1173 ⁵.
302 1115 391 1189 firma,
410 1105 578 1176 armentar.
612 1115 676 1192 ven
696 1115 819 1174 aaron
835 1117 888 1174 ao
908 1075 1011 1188 15J1s.

114 1197 119 1206 ¹
195 1222 228 1277 V.
245 1223 263 1277 9
281 1224 391 1280 creasti
418 1225 453 1278 10
470 1229 616 1280 ereatura.
649 1223 698 1282 Sis
721 1228 767 1280 est
790 1223 859 1280 teus
882 1239 934 1296 per
957 1227 1059 1280 runata
1083 1220 1217 1293 diliusus¹
1244 1227 1277 1280 ut
1300 1221 1418 1280 nonsit

106 1307 230 1380 qualitas
257 1311 367 1379 mundi,
405 1309 457 1364 sel
481 1309 639 1366 substantia
665 1309 787 1369 mmtrix
812 1309 924 1384 muudi,
954 1309 1015 1368 sias
1041 1309 1142 1368 labore
1169 1325 1272 1384 regens
1299 1315 1329 1368 st
1351 1309 1416 1366 sius

107 1412 195 1454 onere
213 1397 360 1454 eontinens
377 1397 515 1454 muudum
541 1399 672 1470 Asonsttn.
689 1413 733 1470 sp.
752 1397 812 1468 187,
832 1399 873 1454 l&

561 1732 619 1810 13.
658 1733 716 1808 lle
742 1759 771 1807 s.
796 1733 961 1808 trinitate.

108 1917 272 2018 ’l'rinitatis
298 1919 461 1986 altissimae
788 1921 952 2002 coaeterni
974 1927 1048 1988 sunt
1068 1919 1197 2008 penitus

172 2033 366 2090 venerantes
388 2025 576 2110 mysterium
853 2035 887 2093 et
909 2025 1052 2110 aequales
1073 2043 1135 2110 per
1156 2023 1279 2108 omnia,

105 2121 189 2194 (leus
211 2133 300 2194 tuum
321 2129 462 2214 piissime
787 2137 898 2216 pater,
921 2133 1056 2198 verbum
1078 2135 1112 2196 et
1133 2129 1264 2216 spiritus

113 2297 118 2306 ,
174 2228 359 2320 flagitamus
380 2231 542 2300 auxilinm.
626 2303 630 2310 ,
852 2253 917 2300 una
938 2232 1077 2317 simolex
1096 2231 1285 2298 substantia
1369 2231 1420 2300 to

104 2383 134 2450 0
158 2383 213 2450 lon
234 2401 294 2448 nos
317 2383 414 2450 leons
436 2388 577 2466 trinitus,
715 2385 735 2448 5
788 2383 933 2469 Singulis
955 2396 1007 2452 est
1027 2387 1060 2452 in
1081 2387 1215 2472 reliquis

172 2488 300 2552 bonitas
322 2485 527 2566 indefioiens,
854 2495 888 2554 et
910 2506 1022 2554 omnes
1043 2497 1118 2554 sont
1138 2489 1305 2574 identitas,

102 2589 138 2656 in
164 2609 229 2672 qua
250 2597 319 2654 tres
340 2608 405 2654 nna
427 2587 533 2652 deitas
790 2601 825 2659 et
845 2594 901 2660 ubi
923 2593 1038 2658 horum
1059 2593 1193 2676 uliquis,

175 2710 212 2756 se
234 2699 335 2756 totam
358 2691 429 2754 sola
451 2691 592 2775 capiens.
853 2695 921 2761 illio
942 2701 1084 2762 esstote
1105 2695 1241 2762 trinitas

101 2846 208 2916 Pater
231 2847 272 2910 de
295 2866 330 2911 se
352 2847 512 2931 principio
637 2819 650 2850 ⁸
786 2847 912 2918 Aroani
932 2850 1014 2916 tanti
1034 2850 1179 2916 latebras
1371 2850 1422 2926 25,

175 2969 266 3016 suam
288 2951 393 3034 gignit
415 2951 604 3033 imaginem,
693 2949 735 3014 10
851 2953 967 3017 mentis
988 2970 1054 3017 non
1076 2952 1164 3036 oapit
1184 2951 1283 3035 visio,

102 3053 197 3119 nullo
220 3050 327 3116 tamen
347 3053 438 3116 initio
568 3111 570 3116 .
787 3055 849 3120 sed
869 3056 941 3120 sola
961 3056 1088 3140 pellens
1109 3057 1263 3120 tenebras

172 3157 260 3222 hano
280 3155 429 3242 procedit
451 3155 617 3238 originem.
852 3157 935 3224 fides
958 3167 992 3224 et
1013 3158 1134 3225 doeens
1156 3157 1274 3225 nnotio.

106 3307 163 3379 Ab
187 3317 311 3375 aetemo
333 3307 514 3394 procedere
787 3315 941 3385 Nostrum
963 3335 984 3382 o
1005 3318 1061 3382 lux
1082 3315 1228 3384 veridiou

174 3415 218 3478 de
239 3415 302 3479 illis
324 3414 441 3479 flamen
464 3413 625 3496 creditur,
800 3445 804 3452 ·
853 3419 901 3485 sio
922 3439 1029 3504 purga
1050 3419 1166 3484 mentis
1188 3416 1334 3500 nonium,
1369 3415 1420 3481 lt)

106 3518 199 3602 quod
221 3518 372 3602 largifluo
394 3539 527 3584 munere
695 3516 735 3580 15
788 3529 824 3588 nt
844 3541 929 3588 nuno
952 3531 1065 3588 oernat
1086 3522 1160 3588 haeo
1180 3522 1319 3605 mystioa

174 3625 356 3689 amantibus
377 3623 562 3690 infunditur.
854 3633 888 3690 et
908 3626 942 3690 in
962 3645 1107 3710 perenne
1129 3625 1292 3690 saeoulun.

203 3823 396 3880 Reiohenauer
419 3825 465 3882 lls.
489 3825 542 3882 No.
560 3827 603 3882 36.
626 3826 669 3883 Bl
686 3827 728 3881 to
763 3826 820 3883 Der
837 3825 909 3881 Vera
927 3827 944 3880 5
969 3824 1007 3879 ist
1030 3840 1081 3880 aus
1100 3823 1163 3880 (lem
1180 3824 1305 3897 Hymnus
1323 3822 1347 3882 0
1365 3821 1423 3886 lux

110 3907 198 3966 beata
216 3912 329 3968 trinitas
347 3912 481 3970 ontlelrnt.
499 3914 596 3970 noeto
612 3917 638 3985 1,
655 3914 698 3970 36.

116 4027 121 4037 ’
198 4053 234 4106 21
253 4050 279 4107 a
296 4051 323 4105 n
341 4049 461 4124 sogum
478 4053 609 4124 persons
626 4053 701 4110 roem
718 4058 763 4111 est
778 4054 809 4110 n
826 4054 942 4126 reoque
961 4054 1096 4112 omnem.

199 4170 235 4226 V.
253 4173 277 4228 6.
303 4174 425 4244 bonitas,
444 4175 532 4231 daher
549 4175 688 4252 τρισήλιος
704 4174 795 4253 χάρις.
821 4178 889 4248 Apr.
907 4179 948 4231 11.

199 4259 233 4315 V.
252 4263 276 4315 9.
293 4257 465 4336 ‘principium
483 4265 543 4319 sine
556 4265 696 4339 principio
714 4265 793 4322 solus
810 4271 893 4336 pater
911 4270 962 4320 est
979 4267 1110 4337 loysetto.
1124 4263 1159 4320 de
1173 4261 1272 4336 genesi
1285 4261 1322 4319 ad
1334 4261 1376 4318 lit.
1389 4257 1422 4317 a·

107 4346 227 4404 Nullum
245 4348 322 4405 aliud
339 4352 424 4408 habet
441 4354 585 4428 negotium
602 4371 674 4412 vera
691 4358 733 4426 et,
751 4360 783 4410 ut
799 4353 841 4410 ita
858 4355 957 4426 dinam,
974 4366 1111 4429 germana
1126 4350 1316 4424 philosophia,
1334 4356 1425 4418 quan

106 4440 140 4490 ut
159 4427 278 4507 doceat,
306 4439 381 4510 quod
397 4441 436 4496 ait
453 4439 575 4498 omnium
592 4458 686 4498 rerum
703 4442 868 4515 principium
885 4443 946 4498 sine
963 4441 1115 4515 principio,
1143 4445 1316 4512 quantusque
1333 4436 1363 4490 in
1381 4452 1425 4496 ou

108 4528 228 4600 maneat
244 4523 418 4598 intellectus,
437 4531 539 4601 quidve
559 4529 624 4585 inde
642 4529 671 4584 in
689 4535 816 4586 nostram
833 4531 951 4586 salutem
969 4531 1029 4586 sine
1047 4530 1108 4584 ulla
1125 4521 1343 4599 degeneratione
1360 4539 1423 4582 ma·

107 4613 238 4667 navarit:
271 4631 351 4686 quem
377 4633 460 4672 unum
484 4618 565 4674 deum
589 4616 807 4688 omnipotentem
824 4634 940 4690 eumque
958 4619 1139 4691 tripotentem
1156 4617 1266 4684 patrem
1283 4605 1426 4667 etlilium

107 4703 140 4761 et
157 4702 290 4778 spiritum
306 4707 433 4768 sanaem
449 4706 730 4770 noeentveuuauut
745 4707 890 4784 mysteria
915 4707 1046 4784 usonem.
1059 4706 1099 4768 ¹le
1116 4703 1220 4773 erile
1238 4696 1283 4758 ἴθ’
