3282 5370
1376 265 1442 334 12³

130 475 191 545 Ad
211 475 318 578 loepm
342 467 634 554 despeetisalmum,
812 467 847 528 et
868 461 974 544 flagra
995 469 1052 526 tua
1072 459 1167 525 vario
1398 458 1443 524 35

178 578 341 646 (lalvariae
363 581 530 656 vocatum,
718 567 760 632 30
857 571 1017 630 tormento
1039 565 1252 646 renovabant,

133 697 284 766 exosum,
308 677 586 762 dedignandum,

177 785 357 852 latronibus
380 787 539 866 aptatum;
813 729 889 796 '¹²¹³
911 737 999 794 mum
1022 727 1233 810 ⁰⁰fflq¹1³lst01¹

860 834 1012 898 vestitum
1035 831 1216 896 dividentes

133 950 199 1020 Ubi
216 950 287 1035 jam
309 943 520 1018 secundario
815 945 850 1004 et
871 943 983 1020 partes
1008 936 1171 1000 socialiter

180 1053 297 1118 milites
320 1056 354 1113 te
375 1047 541 1112 nudabant
859 1059 901 1104 ex
924 1039 971 1102 eis
994 1039 1168 1122 capientes.
1399 1032 1443 1098 lo

228 1224 263 1278 23
280 1219 441 1292 praesertim
459 1215 568 1272 seheint
585 1213 641 1269 mir
657 1212 735 1268 nieht
751 1217 818 1284 gut,
846 1209 904 1264 und
926 1211 1028 1279 iatpm
1051 1207 1132 1260 ware
1150 1204 1221 1259 anob
1241 1202 1347 1256 baasor.
1377 1197 1446 1272 Vgl.

137 1313 192 1369 No.
210 1312 253 1380 82,
266 1311 323 1380 ·15.,
340 1307 449 1362 welche
468 1303 560 1362 Stella
579 1303 630 1363 der
647 1301 763 1364 uieuter
780 1299 953 1356 nacbabmte.
988 1297 1023 1352 33
1039 1295 1102 1368 jam
1119 1290 1191 1348 touls
1208 1290 1255 1346 lla.

650 1588 710 1660 97.
744 1587 792 1660 ad
815 1593 959 1661 sexum.

139 1761 198 1831 Ad
221 1769 344 1826 sextam
367 1778 439 1824 eum
462 1756 614 1822 funiculis
817 1759 850 1817 et
872 1748 1061 1830 sanguinem
1083 1745 1288 1810 stillaverant

185 1874 338 1932 extensus
361 1882 397 1928 es
418 1863 451 1926 iu
474 1880 572 1928 eruoe
864 1853 967 1938 pedes
989 1866 1166 1930 manusque
1188 1866 1289 1932 purae.

139 1977 175 2036 et
196 1968 280 2033 fixus
304 1987 375 2032 oum
398 1963 564 2038 olavioulis

185 2097 205 2141 a
228 2082 326 2158 gente
350 2073 443 2137 nimis
465 2079 557 2136 truce
821 2017 890 2084 Sed
911 2017 995 2080 inter
1014 2013 1085 2078 haee
1104 2009 1279 2096 supplicia,

866 2141 939 2204 quae
961 2117 1058 2182 valde
1081 2124 1113 2180 te
1137 2115 1330 2198 gravabant,
1404 2111 1448 2176 30

138 2243 205 2311 Per
222 2259 339 2327 poenas
361 2236 539 2302 ineffabiles
747 2231 768 2294 5
821 2221 1008 2294 multimoda
1031 2219 1179 2285 convicia

184 2367 245 2431 per
267 2344 394 2428 palmas
416 2343 659 2419 saerosanotas,
864 2327 972 2394 Judaei
994 2325 1052 2390 tibi
1074 2322 1211 2403 dabant,

141 2452 226 2518 sieut
248 2469 313 2534 per¹
329 2443 535 2511 venerabiles

101 2615 105 2620 .
188 2554 287 2618 etiam
308 2559 379 2614 tuas
401 2550 547 2634 plantas3
822 2493 992 2560 Di⁰0nt⁰¹²
1018 2483 1233 2572 aaegffliffl‘iffl

866 2595 920 2659 hio
942 2593 1059 2657 multos
1081 2605 1179 2654 sanos
1201 2585 1279 2652 feeit

143 2718 191 2787 Ut
212 2725 269 2784 tua
291 2735 366 2782 earo
387 2716 482 2800 regia
824 2709 921 2784 atque
944 2697 1137 2778 languentes
1164 2691 1293 2772 varios,
1409 2688 1451 2751 35

191 2823 233 2887 sit
255 2823 347 2905 quasi
368 2823 528 2902 lacerata,
730 2815 771 2880 10
867 2821 952 2868 nuno
975 2800 1102 2866 sibimet
1125 2789 1273 2860 deiecit.“

144 2948 242 3012 quum
264 2934 325 3012 tua
342 2925 551 3010 praeegregia

192 3033 255 3096 sint
277 3033 421 3095 membra
444 3033 611 3092 numerata
824 2969 899 3036 Nou
921 2967 1024 3030 minus
1045 2961 1270 3044 inoulpaverat

869 3081 902 3138 te
924 3071 1009 3136 latro
1032 3065 1228 3145 sinistriuus,

146 3197 232 3268 Hine
255 3217 356 3280 supra
378 3194 581 3280 epitaphium
827 3197 847 3242 e
869 3181 984 3240 eontra
1000 3171 1243 3253 reprobaverat

191 3303 314 3367 Pilatus
337 3301 425 3364 ornei
448 3298 535 3379 fixit,
869 3279 955 3344 huuo
976 3275 1061 3339 latro
1085 3269 1280 3336 dexteriuus.
1409 3261 1452 3326 40

147 3427 212 3491 per
233 3405 427 3520 tripirtitum
450 3399 623 3514 graphiim,
733 3394 774 3458 15
827 3429 929 3500 Unius
951 3427 1191 3510 obloquentiam

195 3514 428 3590 mmmm
452 3522 515 3585 (¹¹¹⁰
536 3500 658 3565 edm&
871 3538 1010 3619 benigne
1034 3531 1204 3613 sustulisti,

149 3661 233 3751 „Hie
255 3662 375 3728 Jhesus
397 3657 602 3741 Nazarenus,
829 3641 910 3706 alius
932 3636 1152 3723 poenitentiam

193 3787 253 3830 rex
275 3783 374 3828 verus
398 3761 602 3843 ludaeorum,
872 3741 1034 3822 condigne
1057 3731 1236 3818 suscepisti.

150 3869 264 3950 regale
288 3867 338 3932 oui
361 3873 411 3930 est
432 3883 537 3948 genus
828 3896 872 3964 Et
893 3898 926 3959 in
948 3912 1031 3976 rupe
1054 3886 1217 3954 Gapvarjae
1411 3882 1455 3946 45

195 3972 236 4036 de
259 3972 360 4055 stirpe
382 3961 610 4053 proavorum-‘⁴
734 3961 776 4023 2⁰
873 4008 908 4064 tu
929 4005 1065 4061 matrem
1087 4009 1192 4077 prope
1215 3995 1368 4070 stantem,

151 4125 180 4192 0
203 4146 283 4190 vere
307 4125 400 4188 dolor
423 4123 553 4204 nimina,
831 4111 995 4174 carentem
1018 4101 1103 4165 omni
1125 4097 1229 4179 oarie,

195 4250 268 4296 oum
295 4247 406 4294 omnes
428 4228 475 4291 tui
497 4225 566 4290 eari
873 4207 983 4272 vidisti
1004 4206 1240 4285 lacrimantem

149 4333 305 4398 viderunt
326 4339 359 4396 te
382 4329 548 4396 sublimius

194 4437 229 4501 in
252 4452 347 4500 oruoe
370 4431 544 4498 sublevari.

831 4362 924 4431 Hane
946 4369 1000 4426 tuo
1025 4357 1281 4440 consanguineo,
1366 4403 1367 4406 ,

876 4487 970 4550 quem
991 4485 1080 4529 mere
1100 4461 1256 4541 dilexisti,
1414 4451 1458 4515 50

152 4590 245 4658 Tune
268 4608 340 4653 sese
363 4588 582 4654 dilataverant
736 4577 777 4641 25
831 4572 991 4656 discipulo
1012 4569 1162 4651 virgineo

153 4695 362 4774 „clavorum
384 4693 500 4766 fixurae
727 4749 732 4756 ,
875 4675 1017 4744 dohanni
1039 4667 1232 4740 commisisti.
