3316 5358
1380 327 1447 392 Μ

223 501 256 555 V.
275 503 351 555 1-t.
378 501 464 556 Festa
481 517 612 572 supernae
630 501 733 573 petrice
752 508 837 558 neunt
855 505 896 558 sic
916 505 1026 576 Grcpor.
1043 507 1079 562 M.
1097 507 1192 562 homil
1211 508 1240 562 ln
1258 524 1302 564 ev.
1319 511 1346 579 2,
1359 512 1402 580 27,
1416 513 1444 566 ll.

224 588 256 642 V.
276 589 317 642 18.
342 587 450 643 civitas.
479 589 590 646 Currite
608 589 747 646 velociter
767 595 874 646 rectam
892 593 981 663 viam,
1008 594 1072 664 ipsa
1097 595 1169 650 euim
1186 611 1240 652 vos
1258 597 1388 668 perducit
1406 599 1443 652 ad

138 677 274 747 patriam,
293 675 329 729 ad
347 675 426 730 illam
443 677 579 748 patriam,
599 678 681 750 cujus
700 677 776 732 cives
795 679 891 750 angeli
909 685 987 748 sunt,
1006 681 1088 752 cujus
1107 682 1240 752 templum
1259 683 1343 754 deus,
1362 685 1444 758 cujus

136 761 273 831 splendor
289 759 379 831 filius,
405 763 486 835 cujus
506 761 611 818 caritas
629 763 746 834 spiritus
765 770 892 819 sanctus:
919 765 1020 820 civitas
1039 772 1151 837 sancta,
1170 769 1271 824 civitae
1289 769 1388 840 beate,
1407 771 1446 826 ci·

138 850 229 921 vites,
257 851 305 906 ubi
323 851 417 905 nullus
434 851 510 922 pcn't
528 852 646 921 amicus,
674 867 729 922 quo
748 852 842 906 nullus
861 852 1017 908 admittitur
1034 854 1175 925 inimicum
1207 855 1256 910 nbi
1273 855 1366 912 nullus
1384 873 1444 914 mo·

135 938 222 1006 riter,
255 939 438 1008 quianullus
463 940 568 1010 oritur;
599 939 693 996 nullos
717 935 887 1008 infirmatur,
920 940 986 1010 quia
1010 939 1176 1012 incorrupta
1205 941 1297 998 salute
1322 942 1444 999 laetntur.

135 1027 268 1097 Aequum
286 1026 320 1080 dc
340 1031 412 1082 caut.
430 1043 507 1084 novo
529 1025 570 1080 to

463 1311 549 1386 283.
585 1311 792 1384 Dormituro
820 1308 968 1380 dicenda
993 1311 1117 1382 oreiio.

135 1513 163 1579 0
185 1514 288 1580 Jhesu
308 1516 510 1600 dulcissime,
816 1516 872 1582 Me
895 1516 1031 1598 angelus
1055 1515 1217 1582 custodiat
1402 1517 1442 1580 10

136 1617 241 1684 Jhesu
264 1619 487 1703 dilectissime,
817 1626 850 1684 ct
872 1619 999 1702 signum
1022 1621 1127 1684 crucis
1149 1619 1285 1702 muniat,

134 1729 171 1788 to
193 1744 316 1790 mecum
340 1745 451 1808 quaeso
474 1744 622 1809 mancas,
816 1722 891 1786 hinc
914 1729 1009 1786 satan
1031 1723 1147 1805 procul
1165 1723 1270 1805 lugiet

134 1824 198 1891 hac
218 1835 315 1892 nocte
338 1847 462 1892 mecum
485 1827 643 1912 dormias,
816 1833 849 1889 et
871 1825 993 1890 Jhesus
1022 1827 1111 1890 solus
1133 1833 1269 1890 mancat.

135 1937 171 1994 ut
194 1949 313 2014 corpus
336 1951 480 1997 somnum
503 1932 614 2016 capiet
742 1936 761 1995 5
816 1947 897 2012 qnos
920 1945 1002 2012 amo,
1025 1937 1131 1995 tecum
1154 1930 1302 2013 colligas,

133 2038 169 2096 et
191 2052 354 2113 nunquam
377 2051 434 2096 cor
457 2033 654 2113 obdormiat,
814 2035 848 2096 in
871 2034 958 2099 lecto
982 2034 1091 2099 cordis
1114 2034 1243 2118 foveas,
1402 2033 1443 2096 15

134 2132 196 2194 sed
219 2151 348 2214 semper
371 2133 414 2196 ad
436 2139 468 2194 te
491 2133 607 2212 vigilet
815 2155 877 2200 nec
898 2157 949 2200 me
972 2157 1034 2202 nec
1055 2137 1146 2222 ipsos
1169 2139 1312 2220 deseras,

136 2240 170 2297 ct
192 2240 225 2296 tc
247 2241 444 2316 praesentem
467 2233 578 2297 videat
816 2238 876 2301 sed
898 2241 1095 2306 benedicens
1118 2249 1275 2322 proteges

136 2343 173 2401 et
195 2356 289 2401 omne
312 2339 430 2402 malum
452 2344 576 2402 caveat.
816 2344 852 2421 ct
871 2337 904 2400 in
928 2357 1033 2402 sevum
1056 2340 1229 2404 custodies.

226 2523 272 2578 Hs.
291 2539 326 2577 zu
344 2524 483 2595 Freiburg
501 2525 553 2579 No.
573 2525 614 2578 91.
633 2520 652 2577 f.
670 2521 713 2577 te.
732 2524 765 2576 15
784 2522 881 2577 dabrh.
1178 2575 1186 2590 ,

229 2647 244 2696 1
263 2645 319 2699 und
336 2649 354 2700 2
372 2646 411 2702 ist
428 2647 517 2702 dhesu
536 2646 701 2720 dreisylbig.
726 2713 729 2716 ¹
751 2650 768 2702 2
787 2647 875 2703 ihesu
892 2651 974 2718 peter
993 2645 1039 2702 dil
1057 2646 1105 2700 lis.
1150 2644 1260 2716 lquod
1279 2675 1311 2685 -
1332 2643 1444 2716 vigilet,

132 2729 239 2786 bcsscr.

226 2856 258 2910 V.
278 2857 319 2910 10.
345 2855 397 2912 Die
415 2857 608 2930 Scbutuengel
629 2859 745 2914 werden
771 2859 843 2913 auch
867 2859 895 2912 in
921 2858 973 2940 den
998 2859 1121 2912 tiltestcn
1140 2857 1307 2928 geistlichen
1324 2857 1444 2914 Licdern

134 2944 183 2998 dcr
200 2944 326 2998 lrlindcr
345 2943 517 3016 engerufen‚
544 2964 567 3000 z.
586 2931 616 3001 B.
640 2947 669 3001 in
687 2948 738 3002 der
757 2945 858 3002 Lorica
877 2945 1053 3001 Columcillae
1066 2945 1104 2998 1V.
1123 2948 1140 3000 l
1158 2961 1210 3000 uus
1228 2947 1291 3000 dem
1308 2947 1326 3000 6
1344 2947 1442 3002 Jahrb

130 3031 213 3102 angil
238 3031 272 3086 de
296 3032 354 3085 d'iur
379 3033 525 3086 snbdbadh
556 3036 657 3102 (coycti
680 3035 721 3087 det
739 3035 775 3088 cd
791 3038 908 3087 nostrum
923 3035 1133 3102 protectionem).
1168 3034 1206 3088 Es
1224 3033 1341 3088 werden
1358 3034 1443 3088 iboen

132 3119 236 3172 weisse
255 3118 412 3174 Gewiinder
432 3119 568 3191 gegeben,
588 3119 644 3174 wie
662 3119 710 3174 bei
728 3121 781 3174 den
800 3119 995 3189 griechischen
1013 3120 1128 3174 Viitern.
1146 3121 1211 3175 lbtd.
1228 3120 1260 3176 V.
1278 3121 1320 3176 78.
1345 3121 1443 3178 Griost

129 3223 173 3279 go
191 3207 337 3278 nainglibh
355 3205 478 3262 finduibh
497 3207 629 3278 (Ctrbtus
648 3223 706 3264 cum
724 3208 822 3277 angelis
839 3209 927 3276 albis).
951 3207 1015 3278 Vgl.
1034 3207 1129 3261 Mattlu
1148 3207 1192 3274 28,
1210 3207 1235 3259 3.

220 3492 307 3565 284.
343 3493 387 3562 ln
414 3490 573 3563 absentie
596 3493 720 3590 sponsi
743 3502 901 3590 ternpore
922 3490 1167 3563 tribulationis.
1201 3489 1361 3592 hymnus.

131 3697 162 3761 *0
187 3717 281 3779 quam
304 3696 501 3782 glorificum,
815 3701 880 3764 heu
902 3698 1026 3780 brevis,
1049 3697 1177 3762 modica
1253 3739 1268 3754 „

179 3802 282 3865 solum
306 3801 437 3883 sedere,
545 3829 548 3834 ¹
859 3805 1016 3884 nimisque
1038 3822 1130 3884 rara,

132 3922 257 3986 corque
280 3903 450 3986 pacificum
816 3906 950 3990 grandis
974 3907 1085 3970 militia

151 4044 155 4053 =
178 4028 287 4074 secum
310 4009 448 4090 habere,
631 4085 636 4094 ,
846 4009 928 4086 ,vita
950 4027 1024 4071 nam
1046 4013 1173 4086 nostra,

133 4134 288 4200 sponsum
312 4135 373 4198 per
396 4114 562 4198 speculum
743 4116 761 4175 5
818 4133 881 4195 qua
903 4111 988 4176 mala
1010 4111 1148 4194 plurima
1266 4113 1273 4117 ’

178 4227 284 4284 mente
307 4217 437 4300 videre,
862 4220 1012 4297 bonaque
1035 4233 1150 4297 pauca.

134 4342 241 4405 neque
264 4323 460 4387 contrarium

179 4425 352 4508 quidquam
374 4425 506 4488 timere!
819 4401 901 4481 Quia
923 4402 1072 4483 iniquitas
1092 4433 1093 4436 ¹

767 4573 768 4577 ,
856 4505 993 4568 *multum
1018 4506 1193 4586 excrescit,

134 4613 347 4700 Experientia
818 4607 946 4672 fervida
965 4609 1084 4672 caritas

163 4705 252 4786 ‘haec
273 4720 406 4786 multum
429 4737 516 4802 cara,
723 4717 764 4782 10
860 4708 927 4776 heu
944 4709 1146 4792 refrigescit,
