3312 5366
230 305 296 371 178

319 489 376 545 nur
394 489 439 544 die
457 489 543 558 Tere,
576 489 645 544 Sext
668 487 724 546 und
747 489 811 544 Non
832 488 908 544 wird
926 488 955 542 in
973 487 1023 542 der
1041 487 1088 546 lla.
1108 488 1159 544 der
1176 489 1301 560 Hymnus
1319 489 1417 562 Panga
1434 489 1534 564 lingua

230 581 270 650 (s.
287 577 339 632 No.
358 577 427 647 128)
444 577 473 632 in
491 577 552 634 drei
569 576 779 650 Abthessungen
797 576 975 632 wiederholt.

318 666 368 722 Die
386 666 526 737 llymnen,
557 682 673 722 woraus
698 664 742 720 die
768 666 929 720 entlehnten
947 665 1036 719 Verso
1061 667 1236 718 entnommen
1261 661 1338 734 sind,
1371 662 1469 719 stehen
1487 663 1534 718 bei

230 751 369 821 1111111111,
387 754 429 806 56.
452 753 494 807 61.
518 753 559 807 18.
583 754 625 806 et.
649 754 709 806 297.
733 753 792 810 180,
812 753 870 806 196.
890 754 914 806 5.
950 751 1113 808 Gewdnlioh
1131 749 1273 806 entlehnte
1292 767 1356 804 man
1373 751 1463 805 Versa
1482 767 1533 808 aus
1645 831 1646 834 Ἴ

230 839 309 897 alten
327 839 382 894 und
399 839 557 895 bekannten
575 839 708 910 llymnen.

719 1121 802 1196 131.
839 1120 884 1194 ad
910 1121 1108 1238 vesperae
1156 1107 1172 1130 ⁹

231 1298 379 1378 ¹Christus
407 1307 587 1374 ascendens
610 1308 728 1376 choros
750 1283 854 1393 ainge-⁴
905 1311 1012 1382 tontes
1029 1329 1185 1392 aquarum
1200 1310 1301 1376 coelos
1319 1313 1533 1381 turbaverunt

576 1409 682 1474 lorum
1037 1433 1137 1498 supra
1158 1421 1315 1478 naturam

228 1509 377 1594 pontifex
399 1509 504 1574 iactus
527 1529 587 1574 rex
609 1512 841 1596 universorum,
925 1529 927 1538 ·
1489 1535 1499 1552 .

229 1611 488 1694 clauserimus,
512 1611 816 1679 hastavulneratus
906 1576 1011 1649 Ralla
1031 1596 1092 1648 ¹¹⁰⁸
1115 1585 1234 1662 amal>
1257 1585 1292 1644 ”l
1305 1595 1371 1645 ”⁰¹¹
1384 1596 1532 1646 mmm·
1645 1667 1646 1674 χ

361 1715 494 1800 pertulit
517 1735 654 1780 crucem.
1253 1683 1398 1764 hammo

229 1877 365 1951 Hastam
400 1881 542 1946 vibravit
583 1889 660 1946 tuno
695 1881 786 1970 miles
821 1882 855 1946 in
1177 1927 1180 1932 ·
1252 1887 1402 1972 phamas,
1515 1965 1521 1984 ἢ

548 1985 674 2060 altum
835 1987 854 2052 5
907 1990 1202 2073 sanguisaooendit,
1212 1988 1531 2060 utsicardeamns15

230 2086 275 2153 ad
298 2085 352 2150 dei
368 2089 503 2153 verbum
522 2088 624 2151 clavis
643 2095 854 2173 cruentatum,
1034 2093 1110 2174 igne
1134 2092 1252 2156 divino.

231 2191 317 2257 latus
339 2191 471 2255 intravit
494 2199 527 2254 et
549 2210 606 2255 cor
628 2194 812 2276 penetravit
1234 2257 1240 2269 .
1359 2255 1377 2269 .
1436 2255 1476 2268 ..

359 2294 426 2358 fflio
450 2294 514 2359 dei..
906 2255 1046 2322 Praestet
1066 2253 1140 2322 haec
1166 2257 1260 2322 nohis
1281 2262 1389 2338 graue
1412 2254 1532 2340 diuma,
1645 2327 1646 2360 ᾖ

907 2360 1055 2426 conditor
1077 2361 1176 2443 orbis,
1199 2360 1340 2426 sidorum
1362 2359 1487 2442 regina,

229 2457 372 2544 Sanguis
390 2467 424 2525 et
441 2481 525 2544 aqua
543 2461 636 2526 simul
650 2461 853 2566 effluxerunt,
905 2465 1053 2529 lanceam
1076 2465 1168 2548 cujus
1191 2465 1301 2546 angeli
1322 2464 1478 2529 mirantur

229 2565 853 2651 undaecruorisnosinflammavemnt‚10
892 2583 894 2588 ·
1035 2587 1164 2652 semper
1186 2569 1220 2632 in
1242 2569 1342 2634 coelis.
1489 2569 1532 2631 20

315 2753 446 2808 Dieselbe
460 2753 506 2808 Hs.
520 2753 570 2806 mit
583 2748 633 2806 der
647 2752 774 2808 Melodie.
801 2753 895 2810 Ueber
909 2753 959 2812 das
973 2753 1122 2812 Versmass
1140 2770 1163 2808 s.
1177 2753 1230 2809 No.
1245 2757 1286 2808 12.
1312 2755 1346 2808 19
1360 2753 1469 2822 lancea,
1483 2753 1533 2808 Hs.

317 2841 368 2896 Die
387 2842 434 2896 Hs.
458 2841 567 2895 enthilt
584 2841 685 2895 keinen
702 2843 827 2912 Hymnus
845 2857 896 2895 nur
915 2842 1074 2911 complete,
1103 2841 1163 2896 wol
1181 2842 1250 2896 aber
1269 2841 1314 2895 die
1333 2841 1461 2911 Sequenn
1480 2856 1532 2894 zur

228 2928 334 2992 Messe:
366 2928 515 2984 llodiernae
534 2926 636 2988 festum
653 2928 740 2999 lucis,
763 2929 809 2985 bei
826 2929 926 2986 Daniel
943 2931 968 2998 2,
987 2931 1046 2983 215.
1077 2928 1127 2982 mit
1146 2928 1243 2984 diesen
1260 2929 1413 2990 Lesarten:
1445 2927 1536 2984 idei

229 3011 264 3072 18
283 3017 364 3072 satia.
397 3020 432 3072 22
451 3013 513 3070 fixa.

572 3316 654 3398 132,-
688 3313 859 3414 Ejusdem
885 3314 965 3386 sesti
993 3296 1194 3414 antiphona.
1230 3329 1233 3334 '

228 3496 342 3564 Gaude
365 3496 420 3580 pia
441 3497 535 3580 plebs
550 3495 721 3581 justorum,
772 3481 779 3497 ”
844 3499 848 3508 ’
949 3501 1015 3564 suis
1038 3499 1079 3564 de
1101 3499 1303 3581 vulneribus,

227 3618 322 3667 omne
345 3620 448 3683 genus
472 3601 722 3685 Germanorum,
906 3604 1031 3687 clavos,
1054 3603 1202 3672 lanceam
1218 3609 1258 3665 et
1281 3621 1425 3684 crucem,

271 3705 369 3769 tantis
394 3704 434 3770 de
457 3707 656 3774 muneribus:
947 3707 1020 3771 haec
1043 3710 1144 3772 sacra
1159 3707 1340 3788 magnalia3

224 3827 301 3873 nam
324 3809 473 3874 clenodia
495 3807 608 3878 salutis
660 3881 663 3888 ¹
715 3877 719 3884 ,
905 3827 985 3890 ergo
1001 3807 1163 3873 Christum
1185 3810 1262 3871 vitae
1286 3806 1401 3872 ducem

225 3911 284 3976 tibi
307 3911 396 3982 dedit
417 3933 478 3976 rex
499 3911 627 3978 virtutis
694 3967 696 3972 .
833 3912 851 3976 5
949 3911 1063 3976 excole
1084 3930 1146 3999 per
1169 3910 1283 3978 omnia.
1493 3911 1535 3976 to

314 4096 444 4150 Dieselbe
463 4094 510 4149 Hs.
532 4095 583 4149 mit
607 4094 656 4149 der
673 4093 803 4149 Melodie.
839 4093 975 4150 clenodia
992 4093 1024 4148 V.
1043 4095 1068 4148 l.
1085 4093 1228 4149 brauohen
1246 4095 1304 4150 alte
1323 4092 1536 4150 Schriftsteller

183 4253 185 4255 Ι
225 4183 311 4251 nicht,
331 4183 453 4238 sondern
467 4185 575 4250 cimelio,
593 4197 655 4236 was
672 4181 701 4235 in
720 4181 774 4235 don
787 4181 905 4236 Menien
923 4176 967 4234 oft
984 4180 1150 4237 vorhommt.
1186 4183 1272 4237 denes
1286 4181 1375 4236 Wort
1392 4181 1431 4234 ist
1445 4181 1535 4234 daher

225 4271 331 4326 ebenso
351 4269 396 4323 ein
414 4269 525 4324 Beweis
543 4267 590 4322 liir
609 4268 689 4322 einen
707 4268 854 4322 teutschen
871 4267 986 4321 Dichter
1005 4267 1096 4322 dieses
1114 4269 1211 4324 Liedea
1229 4269 1286 4322 wie
1303 4269 1333 4323 in
1350 4270 1404 4324 No.
1419 4271 1534 4338 121111

224 4359 277 4415 das
295 4359 385 4412 Wort
398 4360 484 4423 jocata
502 4354 550 4411 fiir
568 4356 649 4409 einen
666 4351 885 4409 franztisisohen.
921 4353 1025 4411 Solohe
1044 4355 1216 4412 nationellen
1234 4358 1312 4428 Ziige
1338 4355 1400 4411 sind
1418 4353 1468 4410 fiir
1486 4355 1533 4410 die

226 4445 392 4507 Gesohichte
412 4445 462 4500 der
478 4446 605 4516 Hymaen
623 4443 875 4497 beaohtenswerth
1186 4447 1187 4451 ’
1443 4443 1446 4449 ’

313 4551 346 4606 V.
365 4553 390 4607 9.
415 4552 484 4607 vitae
503 4551 570 4620 dux,
602 4549 691 4604 heisst
708 4548 839 4604 Christus
863 4548 913 4602 mit
930 4548 1058 4603 llinsicht
1081 4544 1134 4602 auf
1155 4549 1251 4602 seiten
1275 4547 1343 4602 Tod.
1398 4547 1534 4618 Aufflostio.

225 4639 315 4696 doctr.
334 4640 428 4694 christ.
447 4643 471 4708 1,
491 4640 538 4706 13,
563 4653 615 4692 nos
633 4635 843 4690 immortalitate
861 4635 934 4691 male
952 4637 996 4694 usi
1015 4653 1125 4706 sumus,
1144 4640 1176 4692 ut
1192 4650 1379 4706 moreremur,
1398 4633 1532 4692 christus

224 4726 399 4787 mortalitate
417 4727 488 4786 bene
507 4741 573 4783 usus
592 4728 649 4800 est,
668 4728 699 4781 ut
717 4723 883 4780 viveremus.

907 1785 1020 1854 clavus
1048 1801 1108 1852 nos
1135 1783 1260 1868 firmat,
1297 1792 1330 1848 et
1352 1785 1401 1850 sic
1420 1785 1532 1851 trium·
