3316 5358
211 321 278 388 tte

209 529 307 594 quem
334 517 368 576 et
388 517 664 575 remuneratorem
892 509 1015 576 clarum
1038 509 1143 574 visum
1164 527 1239 575 nam
1261 507 1399 592 ligemus

254 613 395 679 sentiunt
419 613 453 679 in
474 615 617 700 praemio.
935 633 978 679 eu
999 615 1031 678 in
1055 613 1162 680 lumen
1184 614 1310 698 gloriae.

211 801 262 870 lbi
284 800 370 868 dona
392 803 593 887 singulorum
891 799 1109 866 Personarum
1126 801 1303 866 trinitatem
1479 805 1525 866 55

255 905 435 970 communia
456 905 621 988 omuibus,
796 904 838 969 20
936 904 1025 969 clare
1049 905 1306 988 speculabimur,

211 1005 254 1071 de
276 1007 370 1073 donis
392 1009 620 1074 universorum
893 1002 1043 1066 etsentiae
1065 1003 1220 1066 unitatem

256 1108 412 1192 tripudiat
435 1109 591 1193 singulus,
935 1101 1021 1167 uude
1045 1103 1350 1187 contemplabimur,

212 1209 260 1278 sic
282 1209 319 1276 lit
340 1211 456 1295 plenus
478 1213 684 1297 praemiorum
893 1205 1048 1270 unitatem
1070 1206 1245 1270 trinitatem

256 1313 353 1379 etiam
376 1316 405 1381 si
426 1317 581 1384 minimus.
935 1308 968 1372 in
990 1325 1054 1373 uno
1077 1307 1273 1374 mirabimur.
1479 1311 1523 1375 60

212 1498 415 1584 Oquantum
438 1502 495 1568 dat
517 1503 673 1570 claritatis
796 1508 857 1574 25,
893 1495 1031 1581 Semper
1053 1497 1182 1562 noviler
1206 1497 1373 1564 dulcescat

255 1605 315 1669 toti
338 1606 411 1671 coeli
433 1607 533 1671 curiae
937 1603 1039 1666 omnis
1060 1604 1132 1667 veri
1153 1603 1260 1687 notio,

211 1715 315 1776 nater
337 1708 427 1790 regis
448 1709 641 1793 majestatis,
892 1707 1005 1771 summi
1026 1707 1103 1770 boni
1125 1725 1191 1771 non
1213 1715 1361 1790 tepescet

230 1799 362 1872 'Maria
383 1827 443 1873 vas
465 1811 601 1893 gratiae,
934 1807 1062 1874 fervida
1085 1809 1233 1891 dilectio,

212 1927 287 1992 qnae
310 1913 433 1974 cunctis
456 1921 551 1995 grata
574 1915 678 1980 beatis
890 1931 981 1976 verae
1003 1913 1094 1996 pacis
1118 1931 1182 1977 nou
1205 1914 1398 1998 languescet
1480 1920 1525 1982 65

253 2011 361 2094 gloria
385 2032 479 2096 qnam
501 2016 595 2080 facie.
795 2021 837 2086 3⁰
930 2014 1077 2098 jocunda
1099 2016 1218 2082 fruitio.

210 2217 443 2286 Mariaetnimis
464 2222 622 2288 mirantur
889 2222 960 2289 Deo
982 2225 1150 2290 ferventer
1171 2235 1343 2311 vacantes,

254 2325 393 2408 gloriam
416 2343 511 2410 quam
533 2328 663 2410 merita,
932 2335 968 2393 ut
991 2335 1056 2409 est,
1079 2328 1165 2394 hunc
1186 2330 1383 2414 videbimus,

209 2428 339 2492 namin
361 2425 435 2512 ipsa
458 2431 717 2514 contemplantur
889 2431 994 2516 ipsum
1017 2431 1185 2497 ferventer
1208 2442 1353 2498 amantes

253 2550 313 2596 sua
336 2533 441 2598 cuncti
464 2535 615 2619 praemia,
858 2589 861 2596 ι
933 2536 977 2599 ad
998 2545 1109 2602 votum
1131 2538 1338 2622 babebimus,
1477 2541 1520 2604 70

209 2651 340 2716 semper
362 2634 403 2698 ab
424 2633 487 2699 bac
508 2636 708 2704 illustrantur
795 2641 837 2706 35
890 2657 986 2722 quem
1006 2641 1157 2706 videntes
1179 2649 1213 2706 et
1234 2642 1381 2707 zelanter

253 2735 384 2800 clariori
406 2735 521 2820 gloria.
932 2762 1031 2826 pares
1054 2745 1086 2809 ei
1107 2746 1235 2811 erimus.

207 2937 291 3004 Huic
313 2947 416 3005 coetus
439 2943 628 3024 angelorum
889 2952 979 3019 'lunc
1001 2954 1120 3019 erimus
1143 2953 1362 3021 transformati

251 3045 437 3128 congaudet
460 3056 493 3112 et
515 3047 686 3134 hominum,
930 3056 963 3119 in
986 3055 1080 3119 deum
1103 3056 1247 3122 totaliter

208 3145 294 3213 banc
317 3147 437 3213 chorus
460 3152 683 3233 apostolorum
887 3159 994 3244 diique
1019 3159 1162 3226 deificati

251 3250 417 3316 collaudat
440 3271 480 3318 ac
501 3262 688 3340 martyrum,
791 3257 834 3322 40
930 3265 1235 3348 supernaturaliter,

177 3403 178 3408 1
206 3351 283 3418 huic
306 3355 401 3418 turba
423 3357 646 3422 confessorum
885 3365 943 3432 filii
966 3367 1019 3431 dei
1042 3367 1188 3451 adoptati

250 3455 419 3538 applaudit
442 3475 482 3522 ae
503 3459 674 3542 virginum.
928 3489 1014 3536 nuuc
1037 3478 1070 3535 et
1092 3473 1300 3538 aeternaliter.

203 3657 269 3744 Eja
294 3664 409 3730 merito
431 3672 465 3730 et
481 3663 561 3749 jure
684 3661 685 3664 '
883 3673 922 3742 In
945 3675 998 3739 dei
1020 3676 1172 3743 fruitione

248 3769 296 3832 sic
319 3786 430 3835 omnes
453 3780 486 3836 et
503 3773 622 3856 singuli
929 3780 1127 3862 exspirando
1150 3783 1300 3867 moritur,
1468 3788 1515 3854 80

202 3870 342 3939 Mariam
363 3874 526 3940 honorant
547 3897 630 3960 pure
788 3877 830 3940 45
883 3881 917 3944 iu
940 3882 1012 3966 ejus
1034 3884 1221 3950 laudatione

247 3973 389 4057 tripudio
411 3978 532 4062 gaudii,
926 3987 1119 4070 respirando
1141 3973 1259 4072 oritur,

202 4095 341 4158 namque
364 4096 427 4161 ope
449 4100 518 4145 snae
541 4099 631 4146 curae
882 4088 916 4152 in
937 4086 1000 4152 bac
1023 4089 1238 4158 alternatione

246 4188 440 4263 reparantur
462 4182 591 4264 perditi.
924 4211 1046 4275 perpes
1069 4194 1138 4259 vita
1160 4197 1286 4264 colitur.

199 4383 295 4452 Nunc
316 4406 377 4471 per
400 4390 567 4472 speculum
588 4394 749 4481 videmus,
880 4395 956 4460 lam
977 4394 1074 4460 homo
1096 4397 1163 4462 noli
1186 4399 1300 4464 timere
1465 4402 1513 4471 85
1637 4435 1638 4456 ι

243 4493 365 4557 umbris
388 4501 422 4558 et
444 4496 634 4582 aenigmate,
784 4502 827 4568 50
925 4518 1125 4583 quaecuuque
1149 4505 1355 4589 gravamina,

199 4599 277 4658 tuuc
298 4602 334 4658 ut
356 4596 425 4660 noti
446 4615 682 4680 cognoscemus
878 4623 939 4688 per
963 4603 1036 4670 baec
1057 4606 1150 4672 vales
1173 4609 1322 4674 obtinere

240 4715 338 4783 pure,
360 4699 465 4786 uude,
488 4702 611 4789 lucide,
920 4714 987 4773 tam
1008 4709 1164 4778 immensa
1187 4712 1309 4797 gaudia
