3316 5358
233 311 300 376 ddi

234 497 277 564 do
299 503 333 562 ta
354 513 375 562 o
398 514 494 578 quom
515 494 661 576 gloriosa
839 495 860 557 5
913 495 946 560 in
969 503 1002 560 te
1024 494 1155 578 plenum
1177 493 1242 560 boo
1264 495 1393 578 saporis

278 599 365 666 diota
387 605 461 662 sunt
482 617 504 662 a
523 597 664 662 saeonlol
957 596 1100 662 abundat
1123 597 1277 662 diffusius.

233 783 283 854 Do
307 793 373 852 toas
396 783 552 868 quidquid
573 783 774 869 seripserunt
912 785 950 852 In
972 793 1005 852 ta
1027 789 1162 852 robusta
1180 785 1336 870 juventus

277 887 382 954 saneti
403 885 509 976 laudis
532 885 653 970 gloria,
956 890 989 953 in
1012 909 1119 954 aevum
1141 907 1206 954 non
1229 889 1375 976 deperit,

234 999 357 1058 tantum
376 990 471 1058 nobis
493 990 557 1056 hoo
578 991 742 1073 liquerunt
913 1011 1015 1058 senex
1037 1012 1097 1058 seu
1118 1000 1222 1058 morte
1245 999 1433 1078 praeventos
1500 994 1544 1056 4⁵
1638 1073 1639 1078 ἵ

277 1095 332 1180 pia
354 1111 416 1178 pro
438 1093 608 1174 memoria,
820 1093 860 1156 to
956 1115 1062 1179 nequo
1085 1103 1135 1160 est
1159 1117 1266 1179 nequo
1289 1097 1366 1180 erit,
1638 1095 1639 1102 ’

233 1203 408 1282 penetrare
430 1195 644 1277 nequiverunt
913 1195 973 1262 sed
995 1217 1101 1280 neque
1124 1198 1264 1263 loturum
1287 1205 1430 1284 tempus,

277 1298 369 1366 fundi
390 1299 437 1364 tui
460 1297 599 1363 condita·
956 1321 1105 1385 praesens
1128 1321 1289 1385 nunquam
1311 1302 1467 1386 praeterit.

232 1506 412 1593 Lapidibus
435 1506 587 1592 expolitis
913 1488 951 1555 Iu
973 1497 1005 1554 te
1027 1509 1090 1556 nee
1113 1487 1288 1574 quidquam
1310 1491 1498 1574 molestum,

277 1619 401 1676 structa
422 1619 458 1676 tu
479 1609 630 1691 mifffioe,
956 1611 1018 1658 neo
1041 1593 1195 1676 languor,
1219 1613 1281 1660 neo
1301 1595 1456 1678 gemitus,
1498 1595 1543 1659 50

233 1714 384 1797 gemmis,
409 1731 504 1796 auro,
529 1711 626 1776 elaris
648 1711 742 1776 vitris
819 1712 858 1774 15
914 1715 976 1762 1¹00
997 1714 1137 1778 1111111111
1160 1696 1238 1778 quid
1259 1696 1499 1780 immodestum,

278 1817 445 1881 devm-aris
468 1815 625 1898 undique,
956 1817 1018 1862 ned
1040 1797 1151 1881 0111ρᾶ,
1176 1817 1238 1863 neo
1264 1798 1422 1882 dedeouS,

233 1927 340 2006 portae
361 1919 487 2004 fulgent
509 1917 708 2004 margaritis,
912 1897 934 1940 ¹
961 1899 1144 1983 'UOMM
1173 1900 1291 1984 71111)

278 2021 398 2106 plateae
420 2033 494 2089 suut
516 2043 634 2090 aureae.
1289 2095 1296 2109 ,
1365 2095 1372 2110 ,

912 2090 984 2156 Lex
1007 2095 1222 2160 membrorum
1245 2096 1390 2160 animalis

233 2233 271 2300 ln
292 2239 325 2298 te
343 2231 470 2316 jugiter
488 2231 666 2318 jocundum
920 2219 924 2228 ·
957 2199 1019 2262 erit
1041 2199 1138 2282 plene
1160 2206 1302 2318 mortqa,

278 2336 411 2422 alleluja
434 2338 575 2419 oanitur,
817 2333 860 2398 20
912 2320 1004 2420 nove
1021 2321 1099 2368 earo
1123 2305 1276 2421 spiritalis
1500 2305 1545 2366 55

234 2443 390 2512 sollemne
414 2463 454 2510 ao
475 2441 696 2509 laetabundum
939 2413 1020 2523 'ent
1041 2414 1140 2523 melin
1162 2407 1291 2524 1111111111

277 2567 406 2634 semper
426 2549 545 2614 festum
569 2549 691 2632 agitur,
913 2528 1053 2626 VWfflllle
1066 2529 1128 2626 ·V¹S.
1150 2511 1308 2575 1111111118

233 2659 335 2720 totum
357 2661 518 2734 motum,
545 2659 646 2718 totum
668 2647 836 2732 mundum,
957 2620 1076 2678 rationi
1098 2629 1249 2680 consona.

275 2759 310 2822 in
330 2764 364 2822 ῒθ
387 2755 543 2840 quidquid
565 2756 716 2821 mitur·
913 2801 951 2870 ln
973 2811 1006 2866 ta
1029 2803 1122 2868 vivus
1146 2804 1328 2868 continetur

957 2907 1030 2971 lons
1052 2910 1210 2972 bonorum
1232 2909 1387 2990 omnium,
1501 2911 1545 2973 60
1642 2965 1643 2968 ,

914 3011 1033 3092 inquo
1056 3010 1152 3092 plone
1176 3009 1362 3092 possidetur

959 3114 1127 3198 proprium
1150 3113 1192 3177 ad
1214 3113 1351 3196 libitum,

915 3216 1069 3300 quidquid
1094 3218 1224 3302 corpori
1246 3217 1376 3282 videtur

958 3321 1028 3408 sive
1041 3321 1150 3412 *menti
1172 3338 1360 3403 congruum.

233 2961 271 3029 In
292 2968 325 3027 te
347 2980 508 3044 nunquam
531 2959 676 3026 nubilata
819 2957 860 3020 25

277 3064 363 3130 aeris
385 3062 574 3147 temperies,

233 3170 304 3236 solo
327 3170 404 3234 solis
428 3169 589 3234 illustrata

278 3291 408 3354 semper
431 3279 481 3336 est
503 3269 670 3356 meridies,
737 3325 743 3338 .

233 3375 267 3441 in
289 3381 322 3439 te
344 3393 410 3438 non
433 3393 499 3440 nox
521 3374 616 3438 lassis
638 3377 752 3456 grata,

277 3497 339 3542 ¹19⁰
361 3477 457 3543 labor
479 3493 542 3540 ¹¹⁰⁰
559 3477 694 3558 inquiffi·
818 3475 860 3538 3⁰
914 3505 951 3577 In
974 3517 1006 3575 te
1030 3509 1152 3576 florens
1174 3511 1380 3595 pulchritudo
1500 3513 1545 3576 65

958 3637 1058 3701 snpra
1080 3619 1183 3682 solem
1206 3616 1346 3699 fulgida,

914 3723 1013 3786 velox
1035 3719 1128 3786 limis
1150 3721 1390 3808 promptitudo,

955 3833 1053 3910 prout
1074 3827 1153 3910 vult,
1177 3827 1329 3909 agillima,

913 3939 1165 4014 praepotensque
1188 3929 1343 3995 fortitudo

957 4035 1059 4100 virtus
1078 4041 1113 4098 nt
1136 4035 1294 4116 angelica.
1500 4032 1545 4096 70

232 3683 270 3754 ln
292 3693 325 3749 te
348 3681 465 3749 florida
487 3681 631 3750 vernalis

276 3787 435 3872 perdurat
456 3787 634 3868 amenitas,

233 3890 328 3954 ferax
351 3910 481 3974 sempor
503 3889 659 3954 aestivalis

276 3991 386 4056 rutilat
408 3993 584 4070 serenitas,

234 4096 426 4160 autumnalis
450 4115 507 4160 sou
529 4094 683 4162 brumalis
816 4096 858 4158 35

276 4200 392 4283 procul
414 4209 464 4264 est
487 4200 656 4283 frigiditas.
914 4205 952 4272 In
975 4213 1008 4271 te
1030 4205 1189 4272 libertatis
1213 4206 1315 4270 olaret

957 4312 1095 4394 insignis
1117 4312 1286 4392 nobilitas,

232 4405 394 4492 Quidquid
419 4408 514 4492 libet,
537 4405 590 4473 hio
613 4404 754 4475 dulooris
914 4435 1085 4497 numquam
1108 4417 1251 4500 languet,
1275 4433 1447 4497 numquam
1472 4422 1546 4479 aret

276 4513 383 4578 avium
404 4515 437 4578 in
461 4514 622 4597 nantibus,
957 4519 1147 4585 oon-firmata
1171 4521 1307 4601 sanitas,

234 4616 388 4700 quidquid
406 4618 504 4703 jubili
527 4618 655 4685 oanoris
912 4623 1081 4706 voluptate
1103 4643 1274 4708 numquam
1297 4631 1389 4692 naret
1501 4625 1546 4687 *15

275 4721 406 4788 musiois
428 4724 461 4788 in
484 4724 624 4805 notibus,
816 4722 859 4787 40
951 4727 1042 4811 jugis
1065 4728 1139 4795 haee
1161 4729 1341 4814 integritas.
