3280 5358
144 541 314 611 Annorum
335 541 421 608 hunc
441 557 503 626 per
523 543 623 611 miliia
824 542 933 610 Omnis
955 543 989 610 in
1009 561 1077 626 ne,
1098 542 1263 628 inciens,

141 646 316 710 mutorum
337 653 492 728 torqm
511 663 625 732 ¹poena,
822 645 960 712 credens
981 653 1116 712 mortens
1134 647 1180 712 sit
1195 647 1362 734 ondens,

142 748 277 814 tandem
299 748 379 814 dem
397 749 540 814 omnium
820 749 921 813 vitam
943 757 977 814 et
997 757 1187 834 perpetuam

143 854 303 918 miserans
325 866 428 936 geras
450 852 629 920 humanum.
821 851 869 916 ilii
889 852 1077 934 perenniter
1097 853 1232 920 nram.
1399 852 1447 924 00

142 1016 184 1084 In
205 1015 270 1080 inne
292 1035 427 1100 namque
446 1017 560 1083 saecnii
727 1017 769 1082 tt
821 1011 909 1080 Ecce
931 1014 1047 1098 credo,
1068 1015 1217 1101 aenne,

144 1120 311 1186 constituit
332 1120 495 1186 incarnari
822 1123 974 1202 quantum
997 1118 1115 1204 donas,
1135 1135 1222 1188 mo
1242 1119 1276 1188 in
1297 1130 1347 1208 te,

141 1242 237 1289 suurn
258 1231 367 1289 natum
387 1225 531 1307 unicum,
822 1241 907 1306 auge
929 1221 1026 1288 fldem
1048 1231 1083 1289 tu
1103 1225 1139 1288 in
1157 1239 1228 1310 me,

142 1327 253 1394 lumen
270 1327 316 1392 ’fle
335 1329 456 1392 lumine
478 1342 601 1409 vm,
820 1325 889 1390 vitu
909 1325 1033 1412 perfrui
1052 1327 1140 1393 bona
1159 1347 1222 1394 me.

144 1487 209 1566 Qui
229 1489 391 1554 hominem
413 1489 587 1554 redimeret
822 1485 985 1554 Sacerdos
1007 1497 1042 1554 ut
1063 1487 1308 1560 Melchisedech
1403 1493 1447 1560 ⁸⁸

146 1599 181 1656 et
201 1593 354 1676 paradiso
376 1593 545 1678 redderet,
726 1593 768 1658 30
822 1591 926 1656 crucis
947 1592 980 1656 in
1002 1591 1060 1656 ura
1082 1591 1189 1661 nonu

144 1697 232 1762 unde
255 1705 305 1761 est
327 1698 465 1782 ejectus,
820 1713 882 1780 pro
904 1695 997 1762 nette
1018 1698 1231 1780 patrissans
1250 1715 1307 1782 ss,

141 1817 166 1862 a
187 1809 339 1883 serpente
362 1819 432 1866 cnnr
452 1800 620 1885 ceoeptns.
820 1803 855 1865 ut
876 1817 934 1866 nos
955 1820 977 1868 a
997 1807 1096 1870 mie
1116 1805 1247 1872 cumr.

142 1960 205 2029 Hic
228 1962 308 2028 deus
329 1963 363 2026 in
382 1963 541 2046 principio
819 1959 961 2032 Peccata
982 1987 1054 2032 mea
1077 1970 1239 2053 penitens

142 2069 279 2132 verbum
300 2069 416 2130 mansit
437 2087 510 2132 cum
533 2066 611 2149 deo,
819 2068 877 2132 tibi
899 2067 1027 2135 Christe
1050 2072 1226 2138 conflbeor:

140 2185 203 2254 pro
226 2171 320 2234 nobis
340 2170 543 2253 incarnatos,
629 2201 631 2208 ·
725 2169 767 2232 bb
819 2172 956 2252 peccavi
977 2172 1065 2254 quod
1087 2173 1255 2259 operibus,

142 2291 203 2355 per
225 2292 318 2355 quent
337 2282 392 2338 est
413 2274 509 2338 horno
531 2273 687 2338 salvatus.
819 2274 929 2338 verbis
952 2282 985 2338 et
1007 2275 1216 2360 cogitatibus,

140 2453 225 2523 Huic
248 2457 354 2521 canai
375 2454 629 2540 proclamemus:
820 2453 944 2534 (inuiis,
967 2471 1041 2536 ore,
1063 2454 1226 2540 manibus,

142 2557 272 2625 Christe
295 2559 386 2641 Jesu,
407 2559 501 2622 nobis
523 2559 596 2642 pius
821 2557 950 2625 auribus
973 2565 1068 2642 atque
1091 2559 1244 2644 pedibus3

141 2665 205 2746 sie,
228 2663 370 2728 clemens
391 2656 567 2747 injudicio
818 2655 870 2722 bis
893 2661 1031 2742 quinque
1054 2663 1134 2725 meis
1156 2663 1303 2728 sensibus

141 2775 199 2832 tuo
223 2766 303 2830 deus
325 2766 508 2830 novissimo.
725 2763 767 2827 40
819 2761 904 2826 mala
925 2765 1042 2846 peregi
1064 2765 1193 2849 saepius,

139 2945 185 3013 Et
207 2965 272 3030 ego
295 2947 379 3010 votis
402 2947 548 3011 omnibus
818 2948 927 3034 Luxu,
950 2951 1079 3016 incestis
1102 2953 1240 3018 motibus

142 3049 257 3132 laudo,
280 3049 382 3112 adoro
404 3050 572 3136 precibus3
819 3063 853 3119 et
874 3055 1153 3138 fornicationibnS,

141 3169 256 3216 vocem
280 3151 490 3216 consessionis
818 3159 882 3242 isa,
903 3160 1025 3242 livore,
1048 3160 1123 3224 odio

139 3256 260 3361 exaudi
281 3272 362 3320 meae
385 3255 534 3322 dicentis:
819 3281 859 3328 ac
880 3264 991 3346 pravis
1012 3265 1240 3331 voluntatibus.

136 3437 222 3504 assu
239 3437 373 3502 chriso
391 3439 539 3522 domine,
723 3440 765 3503 45
818 3443 939 3510 Multos
962 3447 1063 3510 fefelii
1084 3449 1219 3532 smptus,

139 3540 250 3609 mandi
270 3547 417 3609 salvator
440 3548 577 3636 optime,
816 3550 911 3613 malis
933 3552 1193 3632 persuasionibus

138 3643 242 3710 credo
267 3656 299 3712 et
322 3649 481 3714 confiteor
818 3669 941 3718 mecum
963 3672 1103 3738 peccare
1126 3653 1283 3734 suadere,

142 3752 242 3832 patris
266 3749 320 3816 dei
342 3761 375 3816 te
397 3753 511 3836 filium,
817 3755 891 3822 neci
909 3759 1002 3822 simul
1019 3759 1109 3841 ipsos
1128 3756 1269 3820 tradens.

139 3923 239 4015 Ejus,
263 3935 317 4016 qni
339 3941 372 3996 et
394 3934 579 4018 uoluntate,
817 3938 984 4020 Magistris
1006 3934 1205 4020 inobediens,

135 4043 340 4118 cooperante
361 4044 549 4118 pneumate,
723 4037 765 4100 50
818 4042 941 4106 cunctis
964 4042 1011 4105 fni
1032 4041 1219 4126 impatiens,

136 4137 236 4202 homo
258 4140 363 4204 factus
385 4141 513 4222 virgine
816 4141 985 4207 reddendo
1007 4159 1072 4207 non
1095 4143 1252 4208 honorem
1386 4165 1388 4169 ·

136 4239 182 4305 de
204 4251 306 4308 matre
324 4247 398 4310 sine
417 4247 547 4309 semine.
816 4249 1005 4332 parentibus
1028 4255 1061 4312 et
1082 4248 1247 4314 fratribus.

136 4417 204 4488 Pro
226 4426 320 4490 nobis
341 4433 476 4490 mortem
497 4425 641 4509 patiens,
816 4427 1010 4512 Mendaciis,
1034 4425 1232 4515 obprobriis,

136 4533 214 4610 post
233 4533 303 4590 tres
327 4525 395 4590 dies
417 4545 594 4612 resurgens
816 4532 908 4596 malis
932 4531 1193 4615 detractionibus,

135 4629 304 4716 coelosqne
327 4632 521 4720 ascendens,
722 4636 762 4700 55
816 4639 926 4704 verbis
949 4637 1057 4720 vanis,
1076 4635 1202 4721 jocosis

135 4732 181 4800 ad
204 4736 351 4805 dextram
372 4743 474 4824 patris
496 4740 651 4806 residens.
816 4751 850 4810 et
872 4744 1143 4823 oblocutionibus,
1214 4837 1235 4882 a

1184 4845 1206 4910 3
