3324 5358
235 537 270 590 19
287 535 386 589 besser
404 527 576 598 Jerusalem,
603 542 706 602 vogen
724 528 776 583 der
794 527 1059 602 (ileieiumiesigireit
1082 533 1133 588 mit
1149 533 1192 589 24.
1234 533 1268 588 ot
1287 531 1372 588 boile
1390 531 1457 591 Heo-

147 623 240 680 neten
257 622 373 692 noenia,
392 621 466 676 doch
484 617 594 674 ucheint
610 615 715 671 ventrio
733 616 878 689 ricitiger.

235 778 268 833 V.
287 779 328 832 14.
354 776 452 832 Dicaea
477 775 609 844 duppelte
634 791 745 832 oremus
769 774 927 850 eutapricht
950 775 1012 834 dem
1034 776 1188 848 ‹ioppelteu
1211 789 1293 832 amen
1319 773 1376 830 anci
1403 770 1459 834 eac

145 867 180 921 V.
197 869 246 934 et,
269 865 325 920 und
343 865 419 935 ueigt
437 861 482 917 die
499 863 638 936 lunigkcit
656 863 705 918 dee
724 863 845 922 Gebetee
864 879 916 934 an,
933 864 1069 920 woriber
1086 867 1217 936 inpacto
1235 863 1317 936 episc
1336 867 1398 936 18⁰,
1414 865 1456 921 2⁰

145 960 226 1026 sagi:
245 954 319 1008 absit
337 954 374 1008 ab
393 952 522 1008 oratione
539 952 628 1008 multa
645 951 782 1022 loquuta,
801 949 851 1006 ced
868 967 925 1006 non
943 950 1015 1006 desit
1032 951 1122 1008 multa
1139 951 1276 1023 precatio,
1295 951 1320 1006 ai
1338 949 1457 1008 fervenu

147 1045 315 1112 perseverat
337 1039 463 1095 intentio.
491 1055 555 1094 nam
578 1035 693 1096 multum
716 1037 808 1109 loqui,
833 1043 878 1094 eet
898 1037 927 1092 in
946 1035 1054 1094 orando
1072 1056 1132 1094 rem
1149 1039 1338 1096 necessariam
1356 1055 1460 1112 euper-

148 1123 213 1182 ouis
231 1141 317 1198 agere
336 1125 439 1195 verbis,
456 1123 572 1180 multum
591 1131 684 1182 autem
702 1126 822 1197 precari,
841 1131 886 1182 eat
904 1125 940 1182 ad
958 1141 1028 1196 euru,
1048 1142 1129 1197 quern
1147 1141 1303 1198 precamur,
1323 1125 1458 1186 mutum

150 1219 180 1270 et
197 1215 245 1287 piu
263 1213 356 1270 cordis
376 1213 545 1269 excitatione
564 1213 688 1284 pulsare.
1184 1209 1187 1218 “

238 1319 268 1373 V.
288 1319 329 1401 ¹⁶:
355 1318 439 1374 matri
457 1319 613 1374 catholicoe.
647 1319 775 1392 chrysost.
802 1318 864 1373 adv.
881 1317 945 1374 tud.
966 1321 990 1388 1,
1010 1320 1035 1374 8.
1058 1324 1145 1374 neunt
1169 1319 1213 1374 die
1238 1319 1342 1374 Kircine
1365 1315 1457 1396 μήτηρ

149 1403 226 1481 ἡμῶν
246 1403 264 1480 ἦ
281 1404 364 1477 κοινή.
400 1407 504 1477 Anquet
527 1405 563 1461 de
589 1423 663 1463 conc.
687 1422 789 1478 evang.
814 1409 845 1475 1,
863 1407 906 1460 to.
934 1409 963 1460 et
981 1405 1036 1462 hoc
1054 1421 1183 1478 magnum
1202 1409 1260 1476 cet,
1292 1402 1369 1477 quoti
1386 1407 1460 1464 deuo

148 1493 286 1566 prestitit
308 1493 437 1548 ecclesie
461 1507 520 1548 cuae
537 1493 640 1565 ubique
659 1491 783 1562 meuse,
814 1497 846 1548 ut
864 1509 934 1563 gene
951 1493 1052 1548 iudea
1069 1493 1172 1548 merito
1191 1493 1336 1550 debellata
1353 1498 1383 1550 et
1400 1491 1461 1550 dir-

146 1593 235 1652 peraa
259 1595 311 1652 per
337 1585 430 1635 terrac
458 1581 571 1636 codices
589 1579 802 1651 prophetiarum
815 1583 981 1634 ‘normarum
999 1579 1101 1649 ubique
1119 1583 1263 1650 portaret,
1296 1585 1326 1636 et
1343 1579 1459 1638 inimica

149 1665 216 1724 fidei
234 1673 342 1723 nostm
360 1667 441 1724 testie
460 1661 542 1723 tieret
560 1667 690 1724 veritatis
708 1671 823 1724 nostrae,
857 1667 908 1724 Die
922 1667 1115 1740 zeretreuuug
1133 1667 1183 1723 der
1195 1667 1287 1724 Juden
1301 1665 1355 1724 auf
1363 1667 1460 1726 Erden

149 1755 212 1828 got
229 1753 367 1826 zeugniss
385 1752 432 1810 fuir
451 1755 495 1810 die
513 1757 706 1830 Auabreitung
724 1755 888 1810 derKirche
909 1753 963 1811 aui
971 1755 1071 1811 Erden.
1090 1755 1215 1828 Ctrpcoct.
1229 1751 1459 1813 contra-iudeus

149 1859 173 1899 o.
193 1847 234 1901 12.
253 1843 270 1915 ’i
288 1845 412 1915 ἐκκλησία
430 1839 486 1899 ἀπὸ
505 1842 630 1920 περάτων
648 1845 686 1907 εἰς
704 1845 810 1919 πέρατα
829 1846 964 1916 τεταμένη.

237 1949 269 2004 V.
286 1952 329 2003 21.
346 1951 388 2004 22.
415 1947 505 2005 πάντα
532 1947 689 2026 exponor
708 1947 755 2005 διὰ
775 1945 855 2006 τοῦτο
875 1947 1014 2022 ἐποίησεν,
1043 1943 1293 2024 itempraeceptum
1319 1947 1365 2004 i're
1382 1945 1461 2023 πρός

148 2033 282 2108 ἀλλήλους
300 2025 372 2108 ὦμεν
390 2035 586 2108 συνδεδεμένοι.
623 2037 749 2108 chrysost.
768 2037 829 2092 adV.
847 2035 909 2092 Jud.
927 2039 953 2106 3,
974 2035 997 2092 Ι1.
1024 2037 1053 2094 S.
1071 2035 1124 2092 No.
1142 2034 1203 2106 252,
1223 2039 1247 2092 1.
1282 2036 1313 2092 ln
1331 2036 1458 2092 sticourt

146 2124 281 2180 mentium
305 2123 375 2178 dcue
397 2139 455 2177 uon
473 2128 532 2192 eet,
560 2123 590 2176 in
607 2124 713 2178 unitate
733 2123 835 2196 quippe
853 2130 904 2180 est.
941 2125 1051 2195 (ἕτερον.
1071 2123 1106 2182 Μ.
1125 2123 1198 2180 hom.
1216 2121 1245 2178 iu
1264 2138 1306 2178 ev.
1323 2124 1351 2193 2,
1368 2125 1413 2193 22,
1430 2123 1461 2178 ὁ.

353 2475 440 2550 253.
470 2473 515 2546 in
536 2471 668 2547 cadem.
693 2473 859 2550 ,Luctator
885 2498 972 2544 cunc.
1009 2465 1256 2568 (troparium).

151 2715 181 2777 1.
203 2705 328 2773 Psallat
350 2705 506 2788 ecclesia,

203 2819 308 2879 mater
330 2811 456 2876 illibata

830 2703 860 2767 5.
883 2699 945 2766 Hic
966 2717 1084 2765 novam
1106 2699 1233 2784 prolem

883 2805 990 2888 gratia
1012 2805 1167 2889 parturit,
1418 2801 1464 2870 2ss

204 2925 238 2983 et
259 2917 355 2998 virgo
379 2915 449 2982 sine
471 2932 556 2996 ruga
882 2911 1024 2977 fecunda
1045 2911 1161 2996 spiritu
1183 2916 1307 2977 saneto.

202 3022 361 3087 honorem
382 3018 478 3102 huius
500 3013 660 3081 ⁰⁰⁰l⁰⁸iae·
883 3021 1006 3133 Angeli
1029 3051 1119 3114 cives

882 3156 1015 3220 visitant
1037 3151 1091 3218 hic
1114 3161 1205 3233 suos,

151 3189 181 3252 2.
205 3185 286 3254 Haec
308 3185 421 3250 domus
444 3182 528 3246 aule
551 3177 691 3244 caelestis
758 3167 777 3238 5

883 3267 917 3326 ct
940 3276 1059 3344 corpus
1082 3255 1216 3320 sumitur
1237 3248 1328 3319 Jesu

204 3294 363 3376 probatur
385 3287 553 3372 particeps

203 3433 242 3502 In
263 3427 360 3496 laude
382 3429 472 3509 regis
496 3425 650 3492 oaelorum

319 3536 325 3549 ,
405 3534 422 3548 ,,
831 3472 861 3534 6.
885 3468 1029 3550 Fugiunt
1050 3463 1204 3529 numerica

204 3546 239 3604 et
260 3552 460 3614 cerimoniis3
518 3601 523 3606 ,

884 3570 1016 3654 corpori
1038 3583 1159 3648 nocua,

153 3707 183 3772 3.
206 3702 249 3770 Et
271 3701 388 3766 lumine
408 3696 560 3763 continuo

203 3805 361 3872 aemulans
385 3802 548 3867 civitatem

884 3709 1028 3772 Pereunt
1048 3700 1242 3788 peccatricis

739 3795 779 3857 1⁰
886 3814 1001 3878 animae
1025 3809 1167 3875 crimina.

204 3911 276 3974 sine
299 3905 458 3983 teuchum,

833 4011 864 4072 7.
888 4003 950 4068 Hie
972 4017 1040 4063 vox
1061 3994 1185 4060 laetitiae

204 4043 250 4112 lit
272 4057 412 4123 corpora
433 4037 467 4100 in
490 3997 618 4117 gremio¹

207 4147 387 4212 confovent
411 4133 602 4220 animarum,

210 4270 283 4334 quae
304 4251 338 4312 in
361 4247 444 4313 coelo
467 4245 589 4310 vivunt.

154 4422 187 4484 t.
211 4417 313 4494 Quam
335 4414 452 4479 dextra
747 4404 788 4468 15

838 4539 872 4601 8.
895 4534 966 4600 Hae
988 4530 1084 4594 domo
1107 4520 1243 4589 trinitati
1355 4556 1357 4560 .

209 4529 364 4606 protegat
387 4517 441 4582 dei

211 4657 269 4727 Ad
290 4653 420 4721 landem

210 4761 313 4848 ipsius
336 4759 401 4826 diu

887 4109 1058 4192 personat,

889 4241 952 4310 Hic
973 4260 1040 4324 pax
1062 4245 1095 4301 et
1116 4232 1239 4320 gaudia

890 4341 1090 4422 redundant,

894 4638 966 4702 laun
989 4639 1023 4695 et
1044 4627 1152 4712 gloria
