3324 5358
208 371 277 444 aot

211 565 315 632 Salve
336 568 447 647 potus,
469 577 530 642 per
552 563 585 619 te
606 553 693 618 lotus
893 543 994 612 Salve
1016 542 1063 606 fili
1085 537 1242 618 deiviri,

212 677 266 735 est
288 689 309 732 a
331 665 429 730 sorde
450 659 586 725 mundus
608 664 712 739 totus,
799 654 840 717 30
895 669 965 712 sum
988 645 1140 727 adeptus,
1164 638 1252 722 quod
1274 635 1399 720 oupivi,

215 773 272 857 qui
294 770 336 834 de
358 765 476 832 mundo
498 763 591 828 fluxit
613 755 728 838 eorde,
895 758 971 836 post
993 750 1078 812 hano
1101 747 1200 810 vitam
1221 744 1284 806 isto
1305 740 1391 804 dono

215 881 254 939 ut
270 874 398 938 lavaret
420 886 481 933 nos
504 887 524 930 a
547 862 653 928 sorde.
893 862 959 924 tam
982 851 1105 916 salubri
1127 857 1256 929 tamque
1278 847 1366 911 bono

217 973 245 1040 0
263 971 379 1054 illaria,
398 987 459 1054 pro
478 985 529 1032 me
549 963 712 1030 Christum
895 957 954 1022 tibi
976 955 1037 1019 deo
1061 951 1271 1032 oo...nitum,
1480 944 1528 1007 40

219 1096 280 1144 ora
300 1079 371 1162 pia,
393 1081 506 1158 potum
527 1071 623 1134 istum
897 1066 1011 1124 eontra
1029 1057 1156 1120 hostem
1175 1051 1392 1118 oonmunitum

263 1180 339 1246 dum
359 1192 522 1262 praesumo
545 1188 681 1236 sumere.
803 1163 845 1226 35
941 1162 995 1225 iao
1017 1179 1068 1224 me
1092 1165 1198 1222 teoum
1219 1155 1342 1218 vivere.

307 1373 356 1430 Hs.
380 1389 416 1426 zu
439 1371 538 1428 haina
561 1369 632 1437 Aug.
651 1365 704 1420 No.
723 1362 784 1416 tas.
807 1359 851 1416 BL
876 1359 919 1414 28.
945 1357 995 1413 des
1013 1358 1047 1410 15
1065 1355 1162 1412 Jahrh
1198 1352 1250 1408 Die
1269 1349 1400 1406 cursiven
1417 1345 1530 1402 Stellen
1650 1347 1651 1392 t

220 1461 353 1520 sindone
372 1460 426 1515 (len
445 1457 563 1512 Liedorn
582 1451 835 1508 deshssernhart
859 1444 912 1502 auf
931 1447 977 1501 dio
1000 1443 1134 1499 Wunden
1154 1439 1259 1498 christi
1283 1437 1416 1494 entlehnt.
1451 1432 1536 1488 Gris-

221 1549 337 1604 ohisoho
355 1545 457 1603 Lieder
480 1559 531 1598 nur
549 1539 732 1600 Communion
754 1551 812 1594 von
830 1536 945 1594 Simeon
962 1531 1168 1602 metaphrastes
1193 1527 1292 1583 stehen
1316 1524 1345 1580 iu
1371 1523 1427 1579 den
1442 1521 1531 1578 Poe'toe
1650 1509 1651 1530 ¹

219 1639 303 1708 proci
320 1639 419 1689 veteres
436 1632 467 1700 ll,
486 1632 546 1684 753.

315 1774 350 1826 1⁷
367 1769 460 1829 Liruke
478 1767 508 1823 in
526 1765 576 1821 der
593 1765 640 1822 Ηι.
675 1763 711 1818 ho
729 1759 916 1832 dssgleiohen.

550 2073 636 2148 230.
674 2067 801 2145 Oratio
826 2076 908 2168 post
931 2063 1220 2138 communionem.
1275 2030 1278 2038 ,

221 2281 253 2351 ⁰
276 2282 358 2350 Josu
380 2279 580 2362 dulcissime,
906 2271 1062 2360 pauperis
1084 2266 1265 2335 substantia

268 2391 360 2456 uibus
382 2387 550 2469 salutaris,
950 2376 994 2442 da
1016 2373 1232 2440 aeternitatem

223 2493 282 2581 qui
304 2494 352 2560 sio
373 2500 411 2558 to
428 2493 573 2560 tribuere
906 2484 942 2546 et
962 2485 1018 2542 tua
1038 2473 1217 2560 prasentia

268 2597 379 2664 intime
402 2595 547 2680 dignaris
554 2616 565 2679 3
725 2629 727 2635 .
950 2581 1027 2646 fove
1049 2578 1228 2644 uanitatem.

225 2700 315 2770 mala
339 2719 414 2766 mea
435 2697 581 2782 deprime
834 2689 853 2753 5
1293 2735 1294 2740 ,

271 2803 401 2870 fletibus
423 2799 542 2866 amaris
908 2769 1094 2838 Vanitatem
1117 2783 1275 2852 spernere

229 2910 265 2972 et
287 2903 423 2968 effeetus
445 2901 602 2984 inprime,
751 2877 756 2888 “
952 2875 1006 2941 fao
1027 2893 1079 2938 me
1102 2871 1302 2950 consolator,

273 3005 389 3089 quibus
407 3002 590 3068 uoluntaria,
908 2976 1036 3042 hostem
1059 2973 1145 3038 dona
1165 2973 1316 3068 vinoere,

953 3079 1083 3146 Christe
1105 3080 1347 3162 propugnator,

230 3189 260 3258 0
282 3191 364 3258 Jesu
384 3191 500 3256 vivens
522 3189 642 3271 hostia,
758 3209 761 3214 ¹
910 3189 953 3268 et,
977 3180 1063 3264 quod
1086 3179 1195 3262 dooes,
1218 3175 1372 3256 eredere,

274 3293 373 3378 plaoa
393 3294 614 3378 majestatem,
799 3333 801 3342 .
817 3288 857 3352 10
955 3283 1083 3350 christe
1106 3287 1295 3365 reparator,

230 3396 428 3462 sacramenti
449 3396 557 3480 gratia
910 3394 1026 3474 perte
1049 3384 1179 3450 tandem
1201 3399 1337 3450 cernere

276 3499 390 3564 oonter
412 3500 597 3581 sanitatem,
956 3491 1014 3574 da,
1036 3494 1268 3554 remunerator.

319 3695 514 3784 Roiohenausr
532 3673 661 3765 Papsslls.
678 3692 730 3748 No.
750 3691 810 3746 156.
824 3689 862 3760 Ι15
880 3689 978 3746 lahrh.
1033 3756 1036 3762 Ι

320 3833 345 3886 3.
363 3833 389 3888 l.
406 3815 564 3890 siossintime
583 3832 709 3889 tribuere
727 3825 752 3888 rh
769 3794 817 3892 ils
852 3831 887 3884 15
905 3833 936 3886 tu
953 3823 973 3884 f.
991 3833 1041 3885 tua
1057 3807 1119 3887 11ss
1132 3826 1167 3882 18
1183 3841 1227 3882 me
1246 3789 1319 3882 fehlt
1335 3823 1383 3880 Hs.
1409 3823 1445 3881 23
1460 3821 1544 3878 deum

231 3913 253 3974 fi
271 3916 384 3975 tandem
401 3919 511 3976 soheint
527 3921 580 3976 mir
597 3921 702 4008 hesser.
854 3929 862 3932 “
1348 3917 1356 3924 ”

338 4255 426 4330 231.
451 4254 665 4329 Exhortatio
688 4255 811 4328 animae
834 4251 879 4326 ad
906 4249 1112 4325 sumendum
1138 4273 1267 4348 corpus
1295 4245 1437 4322 Christi.

223 4445 292 4538 Eja
314 4470 335 4518 o
360 4451 463 4519 duleis
490 4455 605 4539 anima,
816 4507 819 4512 .
912 4453 1082 4538 Hospitem
1104 4451 1303 4517 mitissimum
1520 4447 1544 4509 5

275 4573 296 4620 o
319 4570 415 4622 soror
437 4577 510 4624 mea
532 4577 624 4645 oara,
952 4557 1024 4640 jam
1047 4555 1111 4619 eris
1133 4561 1346 4637 surreptura,

232 4665 290 4723 tuo
313 4659 522 4728 devotissima
914 4657 1002 4742 quod
1023 4658 1056 4722 in
1079 4658 1170 4723 omlis
1192 4657 1360 4740 optimum.

270 4761 345 4844 jam
366 4781 488 4848 sponso
510 4765 630 4830 lectum
651 4767 752 4851 paral
958 4768 1024 4845 est,
1048 4761 1113 4826 eris
1136 4768 1321 4847 aooeptura.
