3316 5358
198 523 292 607 Tege
315 539 412 606 ergo,
435 520 535 604 deus,
557 519 633 584 lorti
657 518 761 583 lorica

200 648 272 697 cnm
295 626 437 711 scapolis
460 625 612 689 humeros
635 627 668 686 ct
681 619 826 702 brachia,

879 513 968 598 Tege
991 512 1119 595 tolimn,
1142 510 1311 577 thoracem
1334 528 1406 575 cum
1429 507 1507 593 pul·

1069 621 1079 657 a
1174 632 1286 697 mone,

199 740 277 816 tege
286 731 379 798 ulnas
390 748 461 795 oum
470 727 561 795 cubis
571 724 769 806 etmauibus,
785 723 825 783 55
878 735 999 800 venas,
1043 715 1162 799 fibras,
1203 716 1249 780 fel
1281 732 1353 779 cum
1379 711 1508 778 buclia·

200 853 346 922 pugnos,
367 834 507 920 palmas,
530 830 650 913 digitos
674 847 745 894 cum
767 847 826 891 un·

546 934 673 1018 guibus.

202 1126 295 1212 Tege
322 1124 449 1209 spinam
476 1126 510 1186 et
533 1127 657 1186 costam
679 1134 751 1183 cum
773 1136 828 1180 ar·

547 1227 662 1305 tubus,

201 1342 307 1416 terga,
332 1331 463 1398 dorsum
481 1345 665 1410 nervosque
685 1343 756 1390 oum
774 1340 829 1388 os·

550 1431 656 1512 sibus,

202 1549 280 1625 tege
309 1543 430 1622 cutem,
467 1537 658 1620 sauguinem
680 1548 752 1599 cum
774 1551 829 1596 re·

549 1638 661 1718 nibus,

204 1742 404 1824 camcmnes,
466 1747 560 1805 nates
610 1755 682 1802 cum
726 1735 829 1800 femo-

551 1841 648 1906 ribus.
789 1837 829 1900 60

205 2032 297 2116 'lege
320 2034 465 2114 gambas,
489 2047 581 2110 sura,
603 2025 787 2106 femoralia,

205 2157 278 2204 cum
300 2135 447 2219 genuclis
469 2134 610 2218 poplites
633 2139 666 2196 et
688 2149 808 2213 genua,

204 2248 282 2323 tege
305 2239 389 2304 talos
412 2256 483 2302 cum
512 2237 599 2300 tibiis
622 2243 655 2299 et
677 2234 830 2316 calcibus,

205 2363 301 2411 crura
308 2389 317 2426 ,
345 2340 449 2428 pedes
472 2340 655 2424 plantarum
677 2357 750 2403 cum
771 2338 831 2402 ba·

553 2443 651 2508 sibus.

204 2637 296 2722 'lege
337 2651 446 2702 rmuos
488 2637 736 2700 concrescentes
774 2627 832 2692 de-

552 2738 618 2804 cies
790 2733 831 2796 65

206 2863 279 2910 cum
297 2842 484 2925 mentagris,
507 2857 612 2924 unges
631 2840 724 2905 binos
741 2837 833 2920 quin·

553 2943 654 3026 quies,

205 3062 283 3137 tege
293 3058 417 3137 peetus,
428 3049 586 3134 jugulam,
599 3045 829 3131 pectusculum,

205 3157 374 3240 mamillas,
388 3153 587 3220 stomachum
597 3159 630 3216 et
639 3150 829 3216 umbilicum.

205 3334 297 3418 Tege
318 3340 479 3414 ventrem,
501 3331 642 3414 lumbos,
666 3329 830 3414 genitalia,

205 3437 316 3504 alvum
338 3443 372 3500 ct
394 3435 501 3500 cordis
523 3435 651 3517 vitalia,
789 3435 830 3496 'ld

205 3551 283 3626 tege
307 3540 448 3607 trifidum
467 3541 562 3625 jecor
586 3539 619 3605 et
639 3541 710 3622 ilia,

204 3647 349 3730 marsim,
380 3645 557 3728 reniculos,
594 3643 732 3708 fethrem
760 3663 832 3709 cum

553 3741 683 3829 obligia.

1219 837 1317 884 mmo·

880 932 957 1008 tege
980 941 1121 1008 caruem,
1144 864 1319 1007 unguinem
1342 939 1414 986 cum
1436 939 1507 984 me·

1221 1025 1336 1108 dullis,
1463 1024 1509 1086 75

880 1131 1026 1215 splenem
1047 1131 1202 1196 tortuosis
1226 1149 1298 1196 cum
1320 1127 1489 1194 intestinis.

881 1317 971 1402 Tege
995 1319 1151 1402 vesicam,
1179 1317 1308 1403 adipem
1331 1324 1365 1382 et
1386 1310 1510 1393 πάντες

881 1421 1097 1505 conpagiuum
1119 1420 1303 1485 innumeros
1327 1417 1477 1500 ordines3

881 1531 958 1608 tege
980 1525 1065 1607 pilos
1088 1531 1185 1606 atque
1206 1525 1351 1588 membra
1371 1521 1509 1604 reliqua,

882 1646 1017 1712 quorum
1029 1627 1115 1694 forte
1129 1628 1297 1712 praeterivi
1311 1627 1448 1692 uomina.
1464 1626 1509 1690 80

882 1819 972 1902 Tege
994 1823 1096 1883 totum
1117 1836 1170 1882 me
1188 1835 1261 1882 cum
1279 1816 1418 1898 quinque
1433 1833 1510 1880 sen·

1198 1953 1200 1958 ·
1224 1921 1313 1985 sibus

883 2033 916 2091 et
938 2044 1009 2091 cum
1032 2024 1146 2090 decem
1168 2024 1356 2090 fabrefactis
1375 2022 1509 2105 loribus,

882 2137 918 2194 ut
941 2150 960 2194 a
981 2129 1101 2214 plantis
1123 2148 1226 2212 usque
1248 2130 1282 2194 iu
1304 2129 1462 2193 verticem

883 2233 972 2300 nullo
994 2235 1138 2299 membro
1161 2233 1240 2298 ioris
1263 2238 1429 2316 aegrotem.

883 2440 954 2507 Nec
983 2440 1025 2507 de
1055 2460 1129 2508 meo
1157 2443 1258 2507 vitam
1287 2441 1413 2525 possint
1440 2447 1512 2506 tru-

1224 2543 1304 2608 dere
1468 2543 1512 2606 85

883 2647 995 2733 pcstiS,
1019 2647 1130 2730 febris,
1152 2648 1301 2730 languor,
1325 2645 1419 2710 dolor
1437 2663 1514 2710 cor·

1217 2769 1316 2835 pore,

885 2854 991 2920 donec
1009 2852 1079 2936 jam
1102 2851 1200 2916 dante
1224 2853 1286 2916 deo
1310 2869 1441 2916 seneam

885 2965 918 3022 ct
940 2963 1078 3044 peccata
1099 2975 1172 3020 mea
1194 2956 1288 3020 bonis
1311 2954 1446 3019 deleam.

882 3165 927 3234 Ut
949 3168 990 3236 de
1014 3188 1112 3235 carne
1134 3167 1205 3233 iens
1229 3168 1302 3232 imis
1324 3186 1454 3234 caream

883 3279 917 3336 et
939 3271 981 3336 ad
1004 3273 1071 3337 alta
1094 3274 1227 3338 evolare
1251 3273 1389 3354 valeam,
1470 3274 1514 3337 90

884 3384 917 3441 et
938 3377 1070 3442 miserto
1097 3376 1160 3442 deo
1183 3376 1226 3442 ad
1250 3377 1397 3441 aetherea

885 3481 980 3547 laetus
1004 3482 1108 3546 vehar
1129 3483 1224 3566 regni
1241 3481 1423 3565 refrigeria.

919 3640 1063 3725 Explicit
1075 3642 1224 3727 hymnus,
1240 3663 1334 3726 quem
1343 3641 1515 3709 Lathacan

919 3746 1088 3828 scotigena
1110 3746 1196 3811 fecit.

293 3949 339 4004 Hs.
359 3966 394 4004 nu
411 3949 574 4004 Darmstadt
600 3945 652 4004 No.
672 3949 750 4002 2106.
778 3963 829 4002 aus
853 3948 916 4002 dem
941 3947 1018 4003 llnde
1045 3947 1094 4003 des
1119 3949 1136 4004 8
1154 3947 1250 4004 Jahrb.
1291 3949 1321 4004 ln
1340 3947 1391 4002 der
1408 3947 1456 4002 Hs.
1474 3946 1516 4003 ist

206 4035 258 4092 das
284 4035 352 4091 Lied
379 4035 457 4090 nicbt
481 4035 688 4105 stropheuweis
714 4035 879 4107 abgetbeilt.
915 4036 972 4091 llas
990 4036 1059 4091 Lied
1083 4037 1159 4092 steht
1177 4036 1297 4092 anchin
1315 4036 1393 4091 einer
1411 4035 1459 4089 Hs.
1477 4051 1514 4089 nu

205 4123 293 4178 Wien
310 4123 360 4177 des
378 4125 412 4176 15
430 4123 538 4192 lauru,
556 4138 662 4178 wovon
680 4123 761 4178 Deoia
779 4123 862 4178 catal
881 4123 962 4180 codd.
981 4124 1068 4180 theol.
1081 4123 1201 4180 Vindob.
1215 4125 1234 4194 Ι,
1249 4127 1275 4194 3,
1293 4140 1319 4194 p.
1329 4127 1401 4180 2932
1419 4123 1515 4196 einige

203 4211 294 4266 Verso
318 4211 451 4266 mittheilt
482 4209 538 4264 und
563 4209 685 4265 dariiber
708 4215 788 4283 sagt:
828 4211 972 4282 ,Hymnus
999 4217 1045 4267 sat
1067 4213 1201 4267 mendose
1219 4213 1355 4283 scriptus,
1387 4211 1465 4267 rudis
1484 4215 1515 4268 et

203 4298 430 4372 superstitiosus,
449 4314 505 4368 quo
524 4297 586 4369 quis
605 4314 702 4353 omnes
720 4297 769 4353 vel
786 4298 913 4353 minimas
932 4299 1063 4370 corporis
1082 4299 1127 4354 sui
1141 4304 1237 4372 partes
1252 4301 1305 4354 deo
1319 4299 1515 4372 protegendas

203 4402 322 4458 prorsus
343 4382 514 4457 ἆνατομικώς
532 4387 699 4440 adnumerat
722 4384 762 4454 (l
781 4388 955 4455 enumerat).
982 4386 1035 4440 ubi
1048 4385 1085 4441 ad
1102 4386 1288 4442 membrorum
1307 4401 1419 4440 censum
1437 4384 1515 4438 dela-

202 4474 293 4544 bitur,
326 4473 484 4529 Plautinum
503 4477 532 4528 te
550 4488 648 4528 cocum
672 4477 721 4528 aut
738 4472 887 4528 llerlinum
905 4473 1058 4546 Coccajum
1082 4473 1181 4528 audire
1200 4474 1331 4529 credas.“
1368 4474 1464 4529 Wenn
1482 4489 1515 4528 es

201 4563 253 4618 mit
270 4561 547 4634 geringschtitnigem
565 4560 652 4630 Spott
676 4561 782 4632 gethan
806 4563 901 4630 ware,
932 4578 966 4617 so
985 4558 1079 4619 dirfte
1097 4562 1144 4616 ich
1162 4561 1240 4618 nicht
1259 4576 1375 4632 wagen,
1408 4559 1516 4616 diesem

201 4649 314 4706 Urtlreil
333 4651 384 4706 der
397 4646 725 4718 Aufkliirunguuwidor
743 4648 793 4704 das
811 4647 1000 4705 unbeluolfene
1018 4647 1087 4705 Lied
1105 4650 1230 4706 bekannt
1247 4665 1283 4704 nu
1299 4648 1425 4717 machon,
1444 4647 1516 4702 aber

201 4735 239 4792 da
255 4753 319 4796 mau
337 4739 367 4794 in
385 4740 438 4798 der
456 4734 622 4791 deschichte
640 4734 690 4790 der
708 4736 849 4795 hilaratur
868 4739 925 4794 wie
941 4737 1225 4801 insarnmelwerkcn
1243 4736 1317 4796 auch
1335 4733 1388 4792 auf
1401 4733 1535 4812 napoli.
