3316 5358
442 717 531 796 312.
571 717 631 792 De
657 719 804 820 proprio
830 715 959 818 angelo
987 719 1110 790 oratio.

124 903 228 972 Salve
250 904 295 970 mi
317 905 468 989 angelice
501 885 503 890 ’
807 901 929 974 Preces
952 921 1014 990 pro
1037 923 1090 970 me
1112 905 1264 992 porrige,

168 1007 301 1092 spiritus
323 1010 437 1091 beate,
850 1007 959 1074 excita
980 1015 1179 1094 torpentem,

122 1118 160 1178 tu
181 1111 263 1176 lucis
285 1111 429 1176 uranicae
807 1110 1014 1177 oberrantem
1036 1111 1185 1196 corrige,
1394 1110 1436 1174 ³5

167 1213 283 1297 plenus
307 1213 469 1296 claritate,
850 1213 944 1296 erige
967 1212 1147 1296 labentem,

124 1317 180 1400 qui
197 1316 344 1402 jocunda
355 1311 479 1382 'frueris
733 1316 755 1382 5
805 1317 953 1402 pristina,
974 1317 1151 1400 praesentia

168 1420 222 1486 dei
244 1421 386 1503 visione,
850 1419 979 1504 penitus
1002 1419 1126 1503 evelle,

124 1529 158 1588 et
179 1522 328 1607 perlecta
349 1521 496 1608 pasceris
569 1585 574 1592 ,
710 1534 715 1544 ·
806 1521 939 1608 mentis,
962 1520 1086 1604 carnis,
1107 1519 1187 1588 vitia

168 1626 394 1694 delectatione.
851 1631 886 1688 et
906 1622 1016 1689 futura
1033 1624 1132 1709 pelle.

123 1804 207 1872 Dum
228 1808 389 1892 superbos
411 1807 544 1891 spiritus
807 1801 1006 1888 Consolare,
1028 1805 1174 1892 respice,

168 1911 299 1976 abstulit
317 1913 431 1995 ruina,
606 1959 609 1968 .
712 1908 754 1974 10
850 1909 965 1974 refove
986 1915 1185 1992 gementem,

121 2018 156 2077 te
179 2013 326 2078 servavit
348 2015 474 2077 coelitus
710 2089 712 2094 ⁸
804 2015 1069 2100 purga,vlustra,
1091 2014 1217 2100 perfice

167 2114 276 2195 gratia
298 2111 411 2177 divina
849 2125 884 2180 et
904 2117 1067 2184 inflamma
1088 2125 1243 2198 mentem,

122 2223 158 2282 et
178 2217 299 2282 virtute
321 2214 431 2282 stabili
800 2217 899 2301 juva,
925 2219 1023 2304 doce,
1044 2223 1146 2286 incita

166 2321 248 2386 mire
265 2319 337 2404 jam
358 2316 471 2386 beavit
848 2320 892 2386 ad
914 2329 1006 2388 actus
1027 2321 1174 2406 virtutis,

125 2431 160 2490 et
183 2421 351 2490 custodem
373 2420 486 2506 fragili
670 2418 672 2422 ’
711 2419 752 2484 15
803 2424 911 2492 scrin
933 2425 1011 2491 vitae
1033 2426 1149 2491 semita

167 2527 246 2593 mihi
269 2523 447 2611 deputavit.
847 2543 1010 2613 prospera
1032 2525 1156 2593 salutis.

123 2707 238 2776 Flexis
260 2727 342 2794 ergo
364 2709 503 2794 genibus
805 2703 949 2773 Gratiam
972 2705 1139 2790 obtineas,

168 2830 307 2877 cernuus
329 2811 476 2894 honoro,
847 2809 976 2874 veniam
998 2809 1135 2894 petenti,

123 2913 261 2981 elevatis
284 2914 447 2996 manibus,
804 2929 935 2996 semper
957 2919 993 2977 ut
1015 2910 1226 2994 congaudeas

167 3018 310 3103 supplex
331 3026 364 3083 te
386 3017 542 3102 implore,
708 3015 752 3081 20
846 3016 925 3082 milri
946 3017 1134 3100 poenitenti,

123 3128 160 3188 nt
181 3121 244 3187 hac
267 3121 321 3186 die
339 3121 466 3205 jugiter
602 3186 604 3195 Α
803 3120 853 3187 sic
874 3120 959 3186 hanc
980 3121 1079 3184 vitam
1100 3138 1259 3204 peragam

165 3223 244 3288 mihi
265 3222 311 3287 sis
333 3221 502 3306 defensor,
847 3240 977 3307 semper
998 3224 1132 3308 placens
1154 3222 1234 3306 deo,

121 3345 165 3392 ne
186 3326 346 3409 malignus
370 3327 520 3409 nequiter
803 3345 878 3392 mea
901 3325 1064 3391 desideria
1098 3335 1102 3338 ’

165 3437 284 3495 noceat
307 3429 458 3510 offensor.
847 3436 965 3495 cuncta
988 3429 1106 3493 sintin
1129 3446 1179 3494 eo.

122 3609 251 3697 Corpus
274 3613 469 3696 apericulis
708 3609 750 3676 25
802 3607 896 3678 Hord
917 3611 1029 3675 mortis
1050 3629 1195 3695 propera

165 3739 227 3804 per
248 3726 282 3783 te
303 3724 446 3799 tueatur,
845 3733 897 3778 me
920 3711 1144 3778 consolaturus

122 3841 145 3886 a
165 3820 296 3906 peccati
316 3819 452 3883 maculis
803 3821 837 3881 et
858 3817 900 3880 ab
922 3815 1017 3880 hoste
1041 3815 1146 3879 libera

165 3941 257 3988 meus
279 3921 494 4000 custodiatur,
845 3927 951 3984 tecum
973 3919 1189 4004 perducturus

121 4025 207 4090 omni
229 4025 319 4107 loco,
341 4030 489 4107 ternpore
802 4021 846 4090 ad
868 4023 941 4088 coeli
964 4024 1124 4107 palatia,¹

163 4149 216 4194 me
238 4130 280 4194 ab
305 4127 400 4192 hoste
422 4133 531 4210 tege,
706 4125 749 4190 30
845 4126 900 4190 ubi
922 4125 991 4190 sine
1013 4125 1090 4194 line.

118 4231 237 4315 oorde,
261 4249 335 4314 ore,
359 4248 460 4314 opere
800 4247 883 4293 vera
905 4237 979 4294 sunt
1001 4229 1120 4316 solatia

166 4337 255 4402 etin
278 4343 351 4402 actu
373 4355 464 4419 rege.
844 4332 1023 4416 laudesque
1048 4333 1177 4398 divinae.

211 4521 259 4577 Hs.
277 4538 313 4576 zu
330 4519 481 4590 Minthen,
500 4519 568 4577 clm
586 4518 665 4574 3012.
689 4515 742 4574 fol
758 4519 800 4574 ll.
825 4519 859 4572 15
877 4517 976 4574 Jahrh.

211 4643 243 4698 V.
263 4645 286 4697 1.
304 4646 329 4698 2.
355 4642 454 4700 Matth.
472 4641 498 4711 t,
516 4643 540 4696 6.
559 4643 602 4712 18,
621 4643 662 4698 10.
680 4642 765 4698 liebr.
784 4645 866 4713 1,1t.
903 4642 1012 4712 (ἕτερον.
1031 4642 1065 4696 M.
1084 4639 1184 4696 moral.
1197 4641 1223 4708 2,
1241 4639 1267 4693 3.
1285 4636 1427 4708 quomodo

113 4730 218 4805 angeli
235 4734 284 4789 aut
302 4745 413 4804 semper
431 4730 485 4788 deo
503 4731 639 4790 assistere
657 4729 773 4804 (Daniel
787 4732 885 4806 t,1o),
903 4735 952 4788 aut
969 4729 1068 4786 videre
1086 4743 1196 4801 semper
1214 4724 1318 4784 faciem
1335 4725 1429 4799 patrie
