3282 5370
1360 277 1424 342 111

117 467 182 534 Hic
204 473 255 531 est
276 465 395 545 lectus,
419 479 483 544 quo
506 460 665 546 perlectae
799 461 833 524 iu
853 462 972 526 virtute
995 463 1155 546 gratiosa,

120 571 268 638 caritatis
290 568 347 632 dat
369 567 498 632 dilectas
799 565 832 628 in
855 565 1023 648 triumphis
1045 566 1208 648 gloriosa,
1383 569 1425 632 35

164 691 304 757 sponsus
326 687 456 754 sponsae
478 668 635 752 pignora,
708 667 747 728 15
843 665 1032 730 veneranda
1054 667 1190 731 saeculis.

121 777 197 843 dnm
220 775 291 860 ejus
315 792 425 838 amore
447 780 567 836 motum

120 880 233 947 tribuit
256 897 291 941 se
310 877 415 962 ipsum
438 883 539 940 totum

165 981 277 1046 mortis
300 997 413 1044 serens
435 978 580 1044 vulnera.

800 823 838 892 ln
860 833 893 889 te
911 833 1046 890 mortem
1068 844 1156 891 mors
1178 829 1322 912 necavit,

801 929 875 993 dnm
898 947 934 993 se
956 931 1060 1014 ipsum
1082 931 1258 998 immolavit

843 1053 924 1097 vera
947 1033 1092 1098 Christus
1116 1035 1238 1100 hostia:

122 1143 188 1209 Hic
209 1141 357 1207 dilectum
378 1140 589 1206 rubicundum
799 1155 859 1220 per
881 1145 914 1200 te
937 1135 1083 1204 Christus
1105 1139 1198 1204 hoste
1221 1147 1338 1224 strato,
1382 1141 1424 1206 10

122 1267 243 1332 sponsa
257 1265 370 1327 cerne,
393 1245 435 1308 da
454 1263 511 1309 cor
529 1244 680 1310 mundum
704 1245 745 1308 20
798 1241 925 1305 inferno
948 1239 1150 1326 despoliato,

166 1359 200 1414 et
222 1350 372 1432 amplecti
395 1348 533 1431 cupido:
728 1336 732 1350 ⁸
845 1344 888 1406 ad
910 1363 946 1408 se
969 1347 1069 1410 traxit
1091 1347 1205 1410 omnia.

122 1454 166 1518 da
189 1454 378 1536 amplexae,
402 1453 469 1536 liga
491 1470 613 1534 nexus,

121 1555 176 1622 hic
199 1556 331 1637 amoris,
357 1555 463 1620 cordis
471 1604 479 1637 ,
503 1555 569 1618 oris

166 1667 203 1725 ut
225 1659 343 1724 fruaris
367 1657 514 1722 candido.

693 1571 698 1578 ,
779 1503 939 1590 ,Crucem
961 1516 1048 1572 tuam
1071 1510 1125 1592 qui
1148 1512 1287 1593 portasti

801 1617 834 1674 et
855 1629 916 1673 uos
938 1611 1049 1694 lapsos
1071 1616 1232 1696 reparasti

843 1713 984 1796 propriis
1008 1712 1190 1778 doloribus:
1384 1719 1425 1780 ts

124 1825 260 1906 Ocruu,
284 1842 341 1888 ace
364 1821 457 1886 dulce
479 1822 618 1904 lignum,
706 1823 747 1886 25
801 1815 854 1879 fac
876 1835 935 1878 nos
959 1817 1048 1900 ipsos
1072 1821 1252 1902 abnegare,

125 1925 309 1991 orthodoxa
331 1925 427 1988 laude
451 1924 582 2007 dignum
802 1939 930 1984 erucem
954 1929 1096 1984 nostram
1119 1923 1267 2004 bajulare

168 2029 362 2110 dignumque
386 2027 554 2090 memoria!
845 2025 965 2088 sanetis
988 2025 1020 2088 in
1043 2026 1205 2108 operibus.

123 2140 159 2195 te
182 2132 326 2194 salvator
349 2130 531 2194 sublimavit
570 2157 572 2164 ·

124 2241 160 2298 et
181 2241 213 2296 te
235 2233 328 2296 nobis
353 2231 569 2312 consecravit,

168 2345 204 2402 tu
226 2355 261 2400 es
283 2343 396 2398 nostra
418 2335 533 2416 gloria.

801 2186 914 2252 Laude
940 2189 1045 2253 crucis
1068 2189 1121 2270 qui
1144 2189 1308 2273 laetamur,

707 2335 748 2396 30
802 2292 931 2355 Christe
956 2292 1013 2374 da,
1040 2301 1075 2355 ut
1097 2295 1276 2357 muniamur
1385 2298 1426 2360 50

846 2397 951 2460 crucis
974 2397 1149 2460 beneficio:

124 2498 249 2565 Contra
271 2501 381 2564 hostes
404 2507 439 2564 tu
462 2500 577 2582 tutela,
802 2500 892 2562 utin
915 2518 1011 2562 cruce
1036 2500 1225 2582 gloriemur,

124 2612 242 2670 eontra
263 2607 393 2669 morbos
416 2611 450 2667 tu
472 2603 614 2685 medela,
744 2641 747 2650 ·
803 2611 858 2667 tuo
882 2605 972 2671 vultu
994 2606 1146 2670 satiemur

171 2707 258 2772 octus
279 2712 311 2773 iu
330 2707 495 2790 periculis:
847 2707 880 2771 in
894 2709 976 2772 coeli
997 2710 1129 2792 palatio.

214 2909 261 2964 lls.
281 2927 315 2964 zu
332 2911 494 2965 Darmstadt
517 2911 569 2964 Nc.
588 2911 665 2963 1228.
690 2911 739 2964 des
764 2911 798 2962 15
816 2910 911 2964 Jahrb.
946 2911 997 2964 Die
1014 2909 1235 2984 Ausangswc'rte
1255 2913 1306 2966 der
1323 2913 1426 2967 beiden

124 3003 221 3052 ersten
240 2999 327 3051 Verse
348 3000 506 3052 verweiseu
525 2997 579 3052 anf
593 2999 646 3052 den
660 2998 772 3069 Gesang
790 3015 834 3052 am
848 2997 1043 3072 Charireitag:
1064 3017 1128 3054 ecee
1147 3001 1253 3071 lignum
1268 3001 1357 3054 crucis
1373 3007 1425 3054 etc.

125 3085 183 3138 uml
201 3086 252 3138 der
270 3083 383 3156 Anfang
403 3086 451 3140 des
469 3087 501 3139 V.
519 3087 553 3140 25
578 3085 690 3144 benieht
714 3085 774 3140 sich
792 3084 845 3138 auf
859 3087 909 3140 das
928 3089 1031 3142 schline
1050 3089 1132 3141 Lied:
1166 3105 1183 3142 c
1203 3103 1269 3140 crux
1288 3103 1341 3142 ave
1360 3103 1425 3156 spes

124 3171 209 3224 unica
228 3177 288 3240 etc,
308 3173 357 3226 das
376 3174 448 3226 anch
466 3190 510 3227 am
529 3169 711 3242 Charsreitag
729 3187 874 3244 gesuugen
892 3175 973 3228 wird.
1009 3173 1041 3227 V.
1060 3177 1084 3228 t.
1108 3174 1240 3228 vexillum
1258 3173 1426 3244 triumphale

125 3259 213 3327 spielt
237 3257 291 3312 auf
305 3261 357 3312 deu
375 3261 499 3330 llymuus
518 3277 567 3314 an:
600 3260 706 3314 vexilla
728 3260 806 3330 regis
830 3261 985 3331 prodeunt,
1016 3261 1073 3316 und
1090 3261 1122 3315 V.
1141 3264 1157 3314 5
1175 3259 1221 3333 hg.
1241 3262 1372 3316 erinneru
1390 3277 1426 3314 au

124 3345 178 3400 No.
198 3347 260 3414 101,
278 3349 303 3400 2.
320 3349 353 3415 3,
373 3347 483 3401 eudlich
501 3349 533 3401 V.
551 3351 586 3402 33
605 3365 641 3402 au
659 3350 711 3403 No.
730 3351 790 3418 111,
808 3351 832 3402 3.

217 3477 233 3528 5
248 3475 354 3546 lignum
363 3476 409 3530 lls.
434 3477 467 3529 18
477 3479 733 3532 entwedersanans
743 3477 812 3532 oder
822 3493 922 3531 curans
932 3484 1077 3533 nnsetzen.
1101 3481 1241 3552 illapsos
1252 3482 1298 3550 qui
1308 3498 1368 3551 rep.
1380 3481 1426 3536 Hs.

216 3596 282 3650 V.1
312 3596 394 3664 ξύλον
412 3596 553 3674 σωτήριον.
577 3601 646 3656 Meu.
665 3600 742 3670 Sept.
761 3603 802 3654 11.
837 3598 918 3666 ξύλον
936 3599 983 3672 τῆς
1001 3608 1134 3678 σωτηρίας
1154 3601 1236 3676 ἡμῶν.
1263 3606 1299 3658 ib.
1319 3608 1360 3657 15.

213 3702 246 3756 V.
264 3706 288 3756 7.
315 3705 387 3758 nach
410 3704 473 3759 lou.
491 3708 516 3774 3,
536 3709 577 3760 tl.
610 3693 676 3760 Dies
695 3706 745 3759 hat
764 3706 868 3759 Cosmus
892 3706 926 3760 de
951 3709 1034 3763 exalt.
1059 3725 1131 3763 cruc.
1157 3716 1190 3763 st.
1211 3711 1251 3762 13.
1277 3725 1310 3761 so
1329 3704 1427 3778 ansge-

126 3791 216 3848 fasst:
245 3793 357 3869 σταυρῷ
373 3794 420 3867 τὴν
438 3793 618 3872 melote-‘iper
636 3794 717 3851 νόσον
737 3793 784 3865 τῆς
802 3793 904 3865 πλάνης
923 3793 1045 3866 ἀπήλασε
1064 3793 1194 3869 Χριστός.
1230 3796 1344 3864 Moyses
1362 3811 1429 3848 ver·

125 3883 201 3936 trieb
221 3883 308 3936 durch
326 3886 377 3938 das
395 3885 488 3938 Kreuz
508 3886 562 3939 deu
580 3885 641 3940 'l'ctl
659 3886 708 3939 des
728 3884 842 3952 LeibeS,
875 3885 1003 3939 Christus
1022 3885 1073 3937 der
1088 3883 1182 3937 Seele.
1227 3884 1372 3938 Tertullioc.
1392 3883 1427 3938 de

124 3971 255 4025 idololat.
283 3973 308 4023 5.
344 3972 438 4041 Imago
458 3973 546 4026 crucis
566 3987 656 4026 aereus
675 3987 791 4040 serpens
809 3975 868 4039 est;
898 3985 962 4024 nam
986 3971 1040 4024 etsi
1063 3973 1193 4024 incarne
1212 3987 1364 4040 suspensus
1383 3975 1427 4024 est

127 4058 266 4126 Christus,
285 4063 377 4112 tamen
396 4059 424 4111 in
442 4075 476 4112 ec
496 4065 524 4112 et
542 4059 603 4128 ipse
621 4056 769 4112 crucifixus
788 4063 832 4112 est
848 4058 959 4125 mundo,
979 4063 1007 4111 et
1024 4058 1079 4128 ipsi
1093 4055 1238 4112 crucifixus
1254 4064 1297 4112 est
1310 4057 1426 4112 mundus

126 4146 234 4215 (Galat.
252 4149 278 4216 6,
297 4149 354 4216 tl).
390 4146 544 4203 Crucifixus
562 4153 605 4202 est
624 4164 694 4220 ergo
712 4148 741 4202 iu
760 4149 817 4202 suis
835 4148 951 4201 mundns
970 4147 1121 4216 illecebris,
1141 4151 1170 4201 et
1188 4145 1251 4201 ideo
1271 4163 1327 4201 uon
1340 4161 1426 4199 verus

126 4233 177 4288 sed
196 4249 287 4287 aereus
314 4251 465 4304 suspensus
493 4241 537 4290 est
555 4253 687 4305 serpens,
720 4236 785 4306 quia
803 4237 832 4290 in
850 4235 970 4290 veritate
989 4237 1099 4306 quidem
1117 4236 1264 4305 eorporis,
1297 4235 1347 4288 sed
1364 4235 1425 4288 siue

124 4322 249 4376 veritate
267 4323 377 4390 peccati
395 4323 519 4392 suscepit
537 4323 663 4377 dominus
682 4323 804 4392 speciem
821 4324 988 4392 peccatoria,
1006 4329 1038 4379 ut
1054 4339 1107 4393 per
1124 4323 1261 4378 lubricum
1279 4318 1425 4375 infirmitas

123 4408 254 4463 humanae
272 4409 427 4465 simulando
446 4415 611 4480 serpentem,
630 4410 765 4480 depositis
784 4410 877 4464 carnis
896 4411 1011 4481 exuviis,
1030 4412 1091 4465 veri
1110 4411 1267 4465 destrueret
1285 4405 1424 4476 serpentis

123 4496 265 4550 astutiam.
300 4498 416 4552 Ambrae.
439 4498 472 4552 de
497 4498 564 4568 spir.
588 4513 609 4552 s.
628 4500 659 4566 3,
679 4499 703 4552 8.
740 4497 810 4564 Quia
828 4499 846 4552 1
864 4504 994 4569 serpente
1012 4515 1103 4568 mors,
1135 4515 1187 4569 per
1208 4495 1347 4566 serpentis
1365 4491 1429 4547 effi·

123 4582 200 4655 giem
219 4579 342 4654 figurata
360 4590 411 4641 est.
445 4587 549 4656 Aupust.
566 4587 596 4640 iu
614 4601 712 4656 evang.
730 4585 795 4641 Joh.
813 4588 839 4656 3,
857 4589 898 4641 12.
917 4589 933 4655 §
953 4590 994 4641 11.

214 4689 248 4743 V.
267 4690 291 4744 8.
310 4691 334 4746 9.
362 4690 457 4763 αἵματι
475 4687 549 4746 θεοῦ
567 4685 582 4748 ὁ
601 4687 643 4754 ἰὸς
661 4687 711 4746 τοῦ
727 4685 816 4762 ὄφεως
834 4686 1024 4748 &comitumue
1061 4689 1137 4761 Sept.
1158 4689 1199 4744 11.
