3280 5358
576 583 633 658 10.
671 581 730 655 lle
753 608 781 654 s.
801 583 963 654 trinitate.

115 754 247 822 Summe
268 763 378 839 pater,
402 761 513 820 sanate
535 754 631 839 deus,

114 866 325 944 pennatorum
347 876 411 942 ego
432 875 507 923 rens

115 964 180 1028 mei
201 980 322 1046 preeor
343 963 511 1046 miserere,

116 1075 154 1132 ut
177 1067 410 1150 digne'queam
432 1069 573 1152 dedere,

163 1187 235 1254 quae
258 1172 398 1234 commisi
418 1173 583 1254 nequiter:
720 1169 739 1232 5

117 1286 154 1354 Si
176 1291 241 1373 vis,
263 1298 358 1374 potes
380 1311 432 1354 me
454 1289 627 1372 mundare,

116 1393 186 1458 sine
208 1401 242 1457 te
264 1412 329 1456 nnn
350 1412 484 1476 possum
506 1400 613 1476 stare,

118 1496 178 1560 sed
200 1515 262 1560 nee
284 1496 327 1560 ad
348 1503 381 1560 te
404 1497 499 1560 datur
520 1497 583 1578 ire,

73 1635 77 1648 ·
117 1600 233 1664 sinon
255 1599 330 1664 milri
353 1601 527 1666 subvenire

161 1702 306 1784 digneris
329 1703 489 1767 celeriter.
701 1700 741 1763 10

115 1863 191 1932 lesu
214 1864 357 1946 Christe,
379 1867 515 1930 verbum
536 1863 655 1948 patris,

116 1969 171 2051 qui
194 1989 323 2034 earnem
346 1970 387 2032 de
410 1989 507 2034 earne
529 1971 641 2034 matris

114 2072 213 2136 home
235 2073 340 2136 faetus
362 2072 492 2136 induisti

114 2184 214 2259 atque
236 2184 372 2260 propter
394 2196 453 2242 nes
476 2178 572 2244 obisti

160 2283 265 2348 erucis
286 2282 320 2346 in
343 2283 504 2364 patibulo:
701 2285 741 2346 15

112 2401 221 2492 Hujus
243 2423 362 2486 precor
384 2421 506 2468 memor
526 2403 638 2467 mortis

112 2507 194 2572 mihi
217 2509 261 2569 sis
285 2507 415 2590 adjutor
437 2507 548 2588 fortia,

111 2631 157 2676 ao
180 2610 266 2673 dono
288 2618 353 2672 tuae
376 2609 505 2672 virtutis

110 2721 232 2780 auctor
254 2733 336 2778 meae
359 2715 403 2776 sis
427 2714 539 2780 salutis

159 2818 192 2882 in
216 2819 301 2882 omni
322 2818 476 2900 periculo.
700 2819 741 2882 20

110 2982 290 3064 Utriusque
312 2979 451 3066 pneuma
474 3001 601 3048 saerum

112 3106 201 3170 para
222 3087 298 3149 mihi
319 3106 405 3150 nune
426 3087 610 3169 lavacrum,

112 3197 325 3274 peecatorum
346 3190 461 3254 sordes
483 3190 639 3254 mundans

114 3303 215 3378 atque
237 3315 341 3359 meum
364 3313 421 3360 eor
442 3295 619 3360 fecundans

158 3398 299 3482 spiritali
321 3401 436 3481 gratia.
699 3402 741 3464 25

114 3520 153 3586 Si
175 3543 228 3586 me
250 3523 341 3586 laves
348 3571 356 3605 ,
379 3541 455 3586 mox
476 3522 670 3605 mundabor,

116 3627 177 3689 nisi
201 3645 313 3709 nanee,
336 3647 401 3692 nen
426 3631 579 3708 curabor,

120 3728 148 3789 si
167 3747 231 3792 nun
255 3729 371 3809 donas,
394 3749 459 3794 non
481 3747 577 3793 orare

120 3829 291 3912 quidquam
313 3849 445 3914 possum
467 3851 528 3896 neo
549 3830 685 3897 laudare

162 3935 256 4000 deum
279 3954 351 3999 aum
373 3935 500 4002 fiducia.
699 3937 741 3999 30

794 753 843 820 'l’n
865 755 919 838 qui
941 755 1043 820 uinus
1065 752 1098 816 in
1119 753 1269 836 personis

792 859 950 926 indivisus
972 879 1008 924 er
1030 860 1064 922 in
1086 857 1193 942 donis,

794 961 874 1030 deu·
896 971 1008 1048 pater,
1030 962 1163 1044 flamen,
1185 971 1278 1046 nate;

793 1073 861 1130 tres
883 1085 965 1132 unus
987 1067 1020 1129 in
1043 1065 1180 1148 deitate,

836 1189 918 1235 unus
939 1171 973 1234 in
995 1171 1188 1236 substantia:

794 1289 874 1356 llaen
900 1291 932 1354 in
954 1291 1070 1356 mentis
1092 1291 1267 1356 trinitatem

794 1389 901 1477 rege¹
922 1414 1007 1460 nune
1029 1395 1062 1458 in
1084 1395 1239 1458 unitatem

794 1498 887 1581 fidei,
911 1499 981 1582 spei
994 1493 1022 1580 ²,
1045 1499 1179 1582 amoris,

793 1621 845 1666 me
867 1609 968 1666 totum
990 1600 1132 1664 eoelestie
1153 1599 1237 1664 roris

837 1706 969 1790 replens
992 1703 1195 1769 abundantia.

795 1866 822 1932 0
845 1867 965 1948 Maria,
989 1867 1083 1931 stella
1106 1867 1221 1948 maris,

794 1972 890 2053 virgo
912 1977 1015 2034 mater
1038 1970 1227 2052 singularis,

795 2075 961 2160 speculum
983 2073 1179 2156 virginitatis

796 2185 828 2244 et
850 2177 949 2242 totius
971 2175 1123 2240 trinitatis

837 2281 946 2346 nobile
969 2281 1155 2346 triclinium:

719 2418 721 2423 '
795 2401 861 2466 Ora
882 2419 944 2484 pro
965 2423 1016 2464 me
1038 2403 1134 2483 virgo
1156 2402 1227 2485 pia,

796 2515 830 2569 ut
852 2508 885 2569 in
907 2506 1003 2589 hujus
1025 2507 1102 2568 vitae
1124 2506 1178 2568 via

796 2619 829 2674 te
851 2609 1013 2674 laudando
1037 2610 1084 2676 siu
1106 2607 1268 2692 inaedam,

795 2721 830 2782 ut
851 2715 984 2797 maligni
1006 2711 1136 2779 hostis³
1157 2713 1303 2798 praedam

839 2820 937 2883 vitem
951 2815 966 2856 4
987 2819 1173 2884 infidelium.

718 2995 724 3004 '
795 2982 895 3048 Chori
917 3003 1033 3048 novem
1056 2985 1261 3066 angelorum,

793 3089 827 3151 in
850 3087 929 3152 Sion
952 3089 1046 3154 deum
1069 3089 1203 3154 deorum

796 3193 1043 3276 contemplando
1066 3214 1160 3276 quem
1182 3194 1318 3278 videtir,

797 3303 830 3357 et
853 3294 894 3357 de
917 3295 987 3378 ejus
1010 3297 1064 3378 qui
1086 3296 1237 3377 gaudetis

835 3397 961 3481 jugiter
982 3398 1171 3480 prasentia:
1376 3402 1418 3464 55

795 3518 925 3583 Patrem
947 3537 1066 3602 precor
1088 3527 1223 3584 exorate
1237 3517 1267 3602 ⁵,

794 3631 831 3686 ut
854 3643 924 3688 eum
948 3642 1007 3688 sua
1029 3626 1151 3708 pietate

794 3727 883 3790 lavet
904 3728 937 3789 in
960 3747 1027 3808 me,
1051 3726 1205 3808 quidquid
1227 3726 1353 3809 sordet,

795 3837 828 3894 et
848 3831 976 3893 relaxet
987 3826 1009 3910 ⁶,
1033 3829 1120 3910 quod
1141 3831 1306 3896 remordet

838 3928 948 3996 tristi⁷
970 3931 1173 3996 conscientia.
1377 3939 1419 4002 60

209 4115 401 4170 Reiehenaner
423 4114 491 4184 Pap.
513 4113 560 4168 Hs.
583 4113 636 4168 No.
659 4113 702 4167 36.
725 4111 769 4168 Β1.
786 4111 863 4180 aab.
888 4126 922 4163 zu
940 4111 1109 4183 Karlsruhe,
1141 4115 1359 4186 grdsstentlreils
1383 4117 1425 4172 im·

116 4207 152 4259 11
165 4205 261 4260 Jahrlr.
276 4203 469 4276 geschrieben‚
488 4202 595 4272 einiges
613 4203 685 4256 auch
703 4215 753 4254 aus
772 4199 834 4253 dem
848 4200 881 4250 15
895 4198 992 4253 Jahrh.
1027 4201 1064 4257 Es
1084 4203 1192 4258 enthiilt
1210 4203 1342 4260 diesefls.
1357 4204 1428 4258 eine

114 4291 213 4347 reiehe
237 4291 469 4362 hymnologisclre
497 4287 672 4360 Sammlung,
704 4304 755 4342 ans
784 4287 834 4340 der
860 4286 905 4340 ich
931 4287 1005 4342 viele
1023 4289 1124 4345 Lieder
1151 4307 1315 4362 genommen
1340 4291 1428 4346 habe..

115 4379 168 4436 Die
187 4378 298 4449 Anlage
323 4379 413 4432 dieses
431 4376 531 4431 Liedes
556 4377 606 4430 hat
622 4375 819 4432 Aehnliehkeit
841 4375 891 4429 mit
914 4375 967 4428 den
991 4377 1110 4432 Liedern
1134 4376 1188 4432 anf
1207 4376 1426 4446 5115Η5111ς55λ

114 4481 165 4523 wo
191 4467 242 4521 das
260 4467 389 4522 Weitere
414 4465 580 4538 angegeben
604 4465 648 4519 ist.
684 4465 732 4520 Sie
752 4465 855 4518 stimmt
872 4465 943 4518 auch
960 4464 1010 4518 mit
1023 4465 1108 4536 jener
1125 4482 1182 4520 von
1199 4466 1251 4520 No.
1270 4465 1287 4517 9
1305 4463 1421 4517 iiberein

114 4558 173 4612 und
191 4558 304 4612 bestelrt
320 4555 350 4611 in
369 4557 419 4611 der
437 4562 531 4611 ersten
548 4551 645 4610 1151155
663 4569 714 4608 aus
733 4553 794 4608 drei
811 4553 1070 4623 Doppelstrophen‚
1088 4553 1181 4608 worin
1195 4553 1263 4624 jede
1281 4549 1421 4620 gdttlielre

113 4644 227 4700 Person
250 4645 404 4700 besonders
428 4641 583 4716 angerufen
606 4641 693 4711 wird,
724 4643 754 4696 in
777 4643 827 4696 der
849 4642 969 4696 aweiten
992 4640 1131 4696 ebenfalls
1155 4657 1205 4696 aus
1225 4638 1285 4693 drei
1302 4639 1427 4694 sulthen

113 4730 262 4803 Strophen
277 4749 328 4809 aar
345 4729 494 4805 Anrufung
512 4732 562 4790 der
579 4733 607 4792 lt.
623 4729 827 4805 Dreieinigkeit
844 4726 1113 4804 gemeinschaftlich,
1132 4727 1182 4786 der
1199 4726 1304 4789 Mulier
1321 4723 1426 4786 (5551515
