3316 5358
221 484 500 559 transgressorem
514 472 551 536 -si
574 470 764 536 damnasses
903 467 954 533 ’lu
975 465 1134 532 mihidas
1146 464 1328 532 affluenter

267 581 430 663 ingratum
451 585 485 642 et
505 576 676 659 tumidum,
948 579 1134 657 opportuna
1155 571 1254 636 victui

224 683 461 768 deceptumque
483 680 517 745 ni
539 680 703 746 salvasses
904 684 1003 760 tuque
1024 675 1156 760 largiris
1180 675 1356 740 elementer

266 786 418 854 miserum
440 802 479 850 ac
500 781 669 868 perditum.
948 796 1096 862 congrua
1118 777 1267 860 uesdtui,

903 883 968 948 mei
990 899 1412 966 caramgercns-semper,

222 997 274 1066 En
297 1007 332 1063 tu
354 996 432 1061 mibi
453 995 663 1080 supplantato
808 993 850 1056 25
947 992 983 1050 ut
1005 985 1090 1050 oculi
1109 984 1245 1068 proprii.

266 1100 416 1183 nequiter
438 1118 459 1163 a
481 1097 628 1162 daemcne

209 1202 277 1287 ¹pie
299 1220 406 1286 rpem,
428 1201 486 1264 illc
509 1199 698 1282 dampnato,

266 1304 407 1368 tribuisti
428 1303 553 1384 veniae,

223 1413 372 1492 tempore
395 1406 511 1490 gratiae
533 1411 611 1470 nato

267 1508 375 1574 locum
398 1507 506 1572 dando
527 1525 668 1592 pascuae.

902 1149 963 1218 Est
986 1158 1023 1236 et
1037 1151 1160 1235 justum
1183 1151 1337 1234 gloriari,

947 1254 1035 1338 qnod
1057 1253 1174 1338 dignus
1197 1254 1256 1320 sim
1278 1253 1423 1335 habitus,
1493 1245 1500 1269 ⁴

905 1357 959 1424 hic
981 1363 1118 1440 propter
1140 1364 1172 1420 ta
1195 1355 1343 1424 tribulari

809 1505 852 1568 30
948 1462 1035 1526 intus
1058 1467 1091 1525 et
1113 1461 1274 1542 exterius,

904 1582 979 1628 nam
1000 1564 1034 1628 in
1055 1563 1120 1630 hcc
1141 1563 1226 1628 solet
1245 1561 1381 1648 probari

223 1721 279 1786 Mc
301 1727 491 1805 peccantem
513 1719 661 1785 tolerasti
783 1761 787 1768 ¹
948 1666 1157 1750 praedilectus
1176 1666 1271 1732 filins.

269 1831 349 1896 ratis
370 1829 615 1912 longanimiter,
905 1829 1014 1895 omnis
1036 1837 1093 1896 tna
1116 1839 1267 1898 creatura

226 1933 410 2000 deviantem
432 1933 597 1998 revocasti
945 1933 1081 1998 multum
1102 1934 1180 1999 mibi
1202 1933 1348 2018 proficit,

268 2055 489 2122 compungens
507 2035 681 2100 salubriter
903 2059 979 2104 nam
1000 2047 1066 2106 tam
1089 2059 1149 2106 usu
1170 2058 1268 2122 quam
1290 2038 1417 2105 factura

212 2159 341 2223 ¹meque
363 2140 547 2224 culpantem
570 2139 700 2220 quitasti
810 2137 851 2200 ³5
947 2141 1086 2224 primum
1108 2141 1231 2210 sentem
1254 2141 1389 2232 repetit,

264 2243 323 2310 dcl
335 2245 432 2328 calpa
453 2243 605 2308 totaliter.
905 2244 953 2310 sic
968 2251 1104 2326 natura,
1128 2244 1176 2307 sic
1198 2243 1361 2326 scriptura

948 2365 1078 2429 semper
1099 2345 1132 2408 in
1152 2352 1185 2410 te
1204 2343 1320 2410 reiicit.

902 2510 974 2580 Sed
994 2517 1032 2578 tu
1053 2511 1131 2575 milri
1151 2509 1304 2595 protnirti

946 2619 1020 2703 plus
1046 2624 1163 2684 cuncta
1184 2635 1281 2698 qnam
1305 2614 1406 2698 entia,

808 2768 851 2832 40
902 2739 964 2806 pro
987 2741 1050 2786 me·
1062 2741 1193 2786 carnem
1215 2719 1346 2784 induisti

947 2823 1022 2888 dum
1044 2824 1126 2887 mira
1149 2822 1350 2903 clementia,

212 2459 275 2528 'ru
296 2478 347 2524 me
369 2457 467 2523 valde
488 2456 694 2522 vulneratum

267 2564 383 2630 lavaur
405 2579 502 2626 sanas
519 2559 678 2643 undique,

223 2669 326 2734 letum
346 2667 442 2749 ungis
465 2672 498 2730 et
521 2671 667 2732 sanatum

267 2771 343 2836 cleo
364 2771 503 2852 laetitiae,

212 2893 284 2958 spe
306 2882 382 2957 pest
394 2875 520 2938 ¹vulnus
542 2873 746 2938 sublevatum

269 2979 351 3044 miro
373 2979 492 3044 lustras
515 2979 642 3043 lumine.

896 2947 1022 3016 meque
1044 2925 1329 2992 totumredemisti

948 3031 1243 3116 patrissapientia.

224 3199 319 3267 Nunc
339 3200 373 3263 in
395 3201 480 3265 bono
502 3217 553 3263 me
576 3199 735 3264 firmando
907 3191 933 3257 0
955 3199 1103 3277 paternae
1124 3191 1278 3258 bonitatis

269 3301 422 3384 periculis
445 3299 623 3382 subtrahis,
948 3296 1141 3385 inexhausta
1162 3297 1282 3380 pietas,

225 3421 310 3470 nunc
332 3402 409 3466 mihi
431 3401 639 3487 cooperando
770 3451 773 3456 .
808 3402 850 3466 45
905 3401 937 3464 in
960 3399 1028 3465 filio
1050 3409 1142 3484 patet
1165 3401 1243 3465 satis

267 3525 354 3571 nova
377 3506 463 3571 dona
485 3507 617 3590 tribuis,
949 3501 992 3566 ad
1013 3523 1065 3566 me
1087 3510 1147 3568 tna
1165 3503 1299 3584 caritas,

223 3608 297 3674 haec
319 3608 473 3692 tollendo,
496 3628 555 3673 seu
579 3607 729 3672 donando
905 3604 1026 3688 laudis,
1050 3605 1145 3687 lucis,
1170 3605 1349 3688 majestatis

267 3711 391 3777 lucrum
409 3731 515 3776 meum
538 3711 675 3794 appetis.
749 3754 752 3760 -
948 3709 1007 3774 tibi
1028 3709 1104 3774 binc
1126 3710 1300 3774 aeternitas.

293 3897 340 3952 lla
359 3914 394 3952 ru
411 3897 576 3966 Karlaruhe,
595 3897 668 3954 chuc
686 3897 827 3966 Nummer,
846 3899 880 3953 15
898 3896 1005 3965 Jahrb,
1022 3895 1078 3951 mit·
1093 3896 1142 3952 der
1156 3897 1284 3952 blelodie.
1320 3896 1388 3951 sart
1405 3895 1434 3950 in
1445 3893 1535 3969 jeder

222 3982 348 4054 Strophe
373 3984 435 4039 sind
458 3984 520 4040 drei
538 3984 690 4040 Gedanken
713 3985 1002 4057 zusammengestellt,
1034 4001 1096 4041 was
1122 3984 1194 4042 auch
1207 3985 1265 4040 bei
1290 3985 1351 4040 dem
1375 3982 1534 4056 folgenden

222 4071 308 4130 Liede
326 4072 494 4128 bemerlrbar
512 4073 557 4142 ist,
576 4073 701 4128 welches
720 4073 776 4128 wie
793 4073 845 4129 Nc.
859 4073 913 4129 268
931 4072 992 4128 wol
1009 4072 1063 4126 den
1081 4072 1238 4132 nimlicben
1256 4069 1407 4131 Verfassar
1423 4073 1482 4128 bat

315 4214 347 4269 V.
365 4216 407 4270 2⁷.
434 4213 600 4284 dampnato,
620 4231 640 4269 r.
659 4213 712 4270 Nc.
732 4214 794 4284 263,
812 4215 855 4268 29.
879 4213 931 4270 Νο.
950 4215 1011 4283 318,
1029 4211 1087 4269 24(

312 4322 345 4376 V.
363 4323 475 4378 61-66.
502 4323 566 4386 Ncn
583 4328 668 4394 petes
686 4322 794 4393 aliquid
811 4323 910 4379 melius
929 4323 958 4377 in
977 4328 1110 4379 creatura
1127 4322 1272 4395 cogitare,
1297 4321 1372 4393 qued
1391 4323 1533 4376 creaturae

222 4405 359 4465 artificem
377 4407 493 4482 fugerit.
528 4411 662 4482 depretia.
677 4410 711 4466 de
728 4411 776 4466 lib.
794 4411 877 4466 arbit
895 4412 920 4480 3,
941 4412 983 4466 13.

310 4516 342 4570 V.
362 4519 403 4572 Ὦ.
430 4517 578 4587 sapientia,
596 4517 655 4588 vgl.
672 4517 725 4572 Nc.
744 4519 803 4588 146,
822 4519 917 4572 8-10.

308 4621 341 4674 V.
359 4624 401 4675 ii.
419 4622 462 4676 78.
480 4621 626 4676 sindaeine
643 4622 804 4679 versteckte
821 4622 983 4696 Dcxolcgie
1001 4621 1112 4678 fiir-die
1131 4621 1329 4695 gewbnliclren
1347 4617 1526 4680 Ansdriiclre:

220 4705 300 4776 lans,
319 4708 432 4780 gloria,
451 4709 544 4766 honor
563 4709 593 4765 in
611 4713 753 4765 aeternnm
