3282 5370
219 305 284 370 168

217 488 286 543 aber
305 487 398 542 dieser
415 487 565 544 Abschnitt
583 489 633 544 hat
649 488 678 544 in
696 489 747 544 der
765 488 812 546 lls.
830 484 964 559 folgende
983 487 1127 558 Strophon
1143 489 1235 557 mehr,
1262 488 1308 544 dia
1327 490 1416 546 schoa
1434 489 1521 546 durch

217 574 263 629 ihr
281 573 496 630 verschiedeues
514 574 661 630 Versmass
680 575 741 630 sich
758 575 803 632 als
820 577 940 634 Zusdtce
959 575 1119 629 verrathen.

252 662 321 717 Delo
339 662 451 732 culpas,
470 678 539 732 quas
557 662 702 733 gressibus
931 660 1053 716 Semitas
1071 677 1147 715 meas
1166 661 1257 733 dirige
1266 703 1275 730 ‚

254 749 380 804 commisi
398 750 450 803 et¹
468 747 633 818 affectibus,
932 745 1051 802 affectus
1069 747 1097 800 in
1116 752 1144 802 te
1163 749 1256 825 erige,

255 837 354 907 quibus
372 836 500 908 graviter
517 836 650 906 peccavi,
931 832 979 889 fac
996 851 1039 889 me
1054 835 1164 907 jugiter
1181 852 1233 906 per
1246 837 1308 906 pias

253 938 271 978 a
288 928 316 978 te
336 923 422 978 miser
439 923 602 994 apostatari
931 935 1045 975 currere
1063 920 1196 975 vinutrnn
1213 921 1293 991 vias,

288 1009 426 1064 recedens
444 1025 463 1064 a
480 1014 508 1064 te
526 1008 649 1080 longius.
964 1011 993 1062 to
1012 1023 1137 1078 quaerere
1156 1005 1320 1064 ferventius.

309 1132 321 1168 ¹
338 1134 368 1186 et
384 1128 457 1185 fehlt
474 1131 503 1184 in
522 1130 572 1184 der
589 1130 636 1185 lls.

305 1289 355 1344 Ad
380 1303 506 1359 genna
541 1285 639 1340 llieser
656 1247 806 1339 Abscirmtt
831 1283 881 1338 hat
906 1284 977 1337 auch
1000 1281 1138 1342 amsllnde
1162 1285 1338 1356 ungehdrige
1356 1287 1475 1344 Zositae
1492 1289 1522 1344 iu

220 1378 271 1434 der
288 1377 350 1448 lis,
369 1376 455 1432 deren
473 1376 620 1430 Versmass
638 1372 695 1427 und
712 1370 782 1428 Sina
800 1369 958 1426 verdorben
976 1369 1027 1439 ist,
1055 1369 1183 1425 weshalb
1201 1371 1247 1426 ich
1265 1389 1319 1428 nur
1338 1373 1391 1428 den
1407 1372 1522 1450 Anfang

219 1468 432 1612 mliiihitiiredullis
451 1550 558 1608 Christi
574 1549 647 1604 latet
932 1549 962 1601 et
978 1517 1162 1598 vim'omnem
1180 1545 1333 1600 amiserunt

255 1639 353 1707 dolor,
372 1637 420 1708 qui
438 1635 579 1692 devotus²
596 1637 689 1706 patet,
967 1637 1172 1687 marcescentes
1190 1632 1219 1686 in
1238 1633 1357 1689 ossibus

290 1725 319 1779 in
336 1725 401 1794 ipso
420 1726 554 1777 aruerunt

312 1845 324 1883 ²
343 1845 442 1900 besser
461 1844 579 1899 devotis.

309 2001 357 2056 Ad
374 2017 499 2055 manns.
535 1999 635 2054 Dieser
653 2013 742 2070 ganne
761 1999 910 2056 Abschnitt
927 1993 1000 2057 fehlt
1017 2004 1080 2059 hier
1097 2005 1127 2059 in
1145 2006 1195 2061 der
1208 2005 1264 2076 ils,
1282 2003 1369 2062 dafir
1387 2008 1464 2064 steht
1478 2008 1522 2064 sin

219 2087 339 2143 auderet
356 2088 398 2142 ad
415 2085 726 2159 flagellationem,
749 2087 801 2145 der
818 2089 879 2145 hier
897 2089 981 2163 folgt.

254 2191 341 2249 Salve
360 2207 463 2261 corpus
481 2191 668 2264 benedictum,
933 2198 1034 2253 divinae
1053 2205 1082 2254 et
1095 2197 1217 2272 justitian

255 2277 366 2348 quantis
385 2277 477 2347 poenis
495 2294 526 2331 es
543 2274 692 2349 afflictum,
968 2292 998 2342 et
1016 2287 1097 2342 salva
1114 2303 1166 2355 me,
1184 2283 1250 2340 fons
1268 2285 1379 2357 gratiae.

255 2365 450 2435 multipliciter
468 2365 600 2436 ligatum,

254 2451 349 2524 plagis
369 2453 454 2507 saevis
471 2449 645 2525 flagellatum
734 2515 737 2522 ,

253 2555 308 2611 pro
327 2540 418 2596 salute
440 2541 599 2596 animarum.

923 2421 1038 2496 ,Plagae
1057 2427 1120 2478 tuas
1139 2419 1186 2476 fac
1204 2427 1334 2476 recentes

933 2517 962 2566 et
979 2511 1086 2565 livores
1105 2516 1161 2566 tam
1180 2507 1337 2580 ferventes,

934 2598 981 2670 qui
999 2599 1028 2652 in
1046 2615 1089 2652 me
1108 2597 1177 2652 sicci
1195 2595 1322 2666 fuerunt,

253 2661 341 2718 Salve
361 2679 464 2732 corpus
483 2662 656 2734 gloriosum,
934 2703 996 2742 cum
1013 2693 1041 2742 te
1059 2687 1176 2741 maxime
1193 2685 1329 2740 laeserunt

253 2755 344 2806 totum
364 2749 470 2806 facium
488 2752 661 2806 maculfflllm
968 2773 1088 2828 stantem
1106 2775 1206 2828 nudum
1225 2779 1254 2829 et
1272 2774 1439 2845 despectum

255 2843 285 2893 et
301 2839 404 2909 ubique
423 2837 616 2907 deformatum,
1276 2845 1279 2852 ’

255 2929 346 3001 signis
364 2929 465 2984 mortis
484 2929 644 2984 coloratum
932 2917 988 2968 Per
1006 2917 1056 2967 tua
1073 2917 1172 2967 sancta
1189 2913 1312 2967 verbera

253 3031 306 3090 pen
323 3017 463 3071 saevitiam
480 3017 635 3088 plagarum,
933 3000 1053 3055 accende
1071 2987 1118 3053 me
1133 3004 1162 3054 et
1178 2999 1311 3068 vulnera,

932 3089 962 3142 in
979 3092 1089 3142 secreta
1108 3086 1202 3142 cordis
1221 3086 1294 3140 cella

933 3173 1027 3244 plagis
1046 3173 1102 3227 tuis
1120 3171 1171 3226 me'
1182 3169 1300 3244 flagella

968 3261 1178 3332 compassione
1196 3277 1248 3331 per
1266 3257 1403 3316 affectum.

252 3137 374 3192 Dorsum
393 3135 498 3193 Christi
516 3143 553 3204 es
561 3137 669 3206 latera,

254 3229 359 3293 quanta
376 3223 459 3278 vobis
477 3225 538 3278 haec
556 3225 675 3280 vulnera

255 3315 320 3364 sunt
338 3311 420 3365 illata
438 3317 467 3366 et
485 3311 600 3366 dolores

255 3401 299 3453 tot
317 3403 428 3453 atrooes
448 3405 476 3454 et
494 3400 601 3454 livores
934 3399 1057 3466 Quantas
1075 3399 1286 3468 persecutiones

291 3500 353 3538 cum
371 3482 494 3556 flagellis
513 3486 685 3557 poenalibus!
933 3493 961 3542 et
979 3487 1241 3558 peregrinationes,

932 3575 1073 3644 miserias,
1093 3575 1265 3645 spretiones,

932 3664 1041 3734 probra
1058 3669 1087 3718 et
1105 3663 1260 3718 derisiones

967 3758 1086 3825 propter
1104 3752 1244 3808 hominem
1262 3750 1375 3806 subisti!

254 3606 329 3662 (lano
348 3607 454 3663 Christi
471 3608 615 3678 virginea,

253 3698 297 3750 tot
314 3695 437 3750 verbera
455 3697 580 3752 crudelia

252 3782 402 3852 suscepisti
420 3785 562 3853 patienter

252 3871 339 3926 tacite
358 3877 441 3940 atque
460 3873 583 3928 libenter
932 3893 989 3948 Fae
1007 3909 1050 3946 ms
1069 3896 1199 3962 superte
1218 3892 1333 3962 lugere,

287 3971 342 4025 Pf⁰
360 3957 443 4011 ¹¹⁰bi⁸
462 3959 666 4026 P⁰⁰0³i⁰fib¹¹⁵·
933 3981 1114 4034 vehementer
1133 3979 1286 4035 condolere

252 4077 322 4133 Dolo
340 4075 456 4149 flagella
473 4081 631 4151 culparum²
931 4068 1040 4123 cunctis
1059 4067 1278 4124 adversitatibus

252 4166 299 4236 pie
318 4167 460 4236 salvator,
478 4185 602 4223 mearum
931 4161 962 4211 et
979 4155 1223 4225 tribulationibus,

252 4250 300 4310 fac
320 4258 480 4308 consortem
498 4270 541 4308 me
558 4260 670 4322 tuarum
717 4277 722 4284 ·
969 4260 1038 4314 quas
1058 4249 1176 4314 propter
1193 4260 1246 4298 nos
1265 4241 1414 4314 pertulisti

252 4338 314 4396 fieri
334 4341 512 4412 deliciarum,

289 4445 308 4484 0
327 4424 392 4482 fons
409 4428 624 4488 misericordiae!
933 4379 1028 4434 Poenis
1047 4379 1102 4434 tuis
1121 4378 1282 4434 crudelibus

934 4466 1064 4538 extingue
1082 4465 1112 4520 in
1130 4465 1297 4536 corporibus

252 4553 359 4607 Averte
377 4567 395 4605 a
412 4567 456 4604 me
474 4550 585 4605 domine
932 4553 1039 4609 nostris
1057 4559 1149 4608 motus
1167 4553 1353 4622 crimonosos,

251 4641 281 4693 in
299 4640 392 4695 obitus
412 4640 538 4695 examino
929 4637 1052 4696 affectus
1070 4640 1262 4709 libidcnosos,

250 4724 367 4802 flagella
384 4731 539 4790 iracundiae
967 4745 1021 4791 nos
1040 4727 1156 4784 induens
1174 4727 1334 4785 virtutibus.
