3316 5358
202 317 269 384 884

201 508 280 574 hino
301 504 515 573 contrarietas

245 634 331 682 nuuc
354 616 618 696 circumquaque,

202 719 289 784 intus
312 717 482 797 timiditas,

248 823 372 888 deforis
394 840 524 906 pugnae.

206 1008 273 1078 cur
294 1010 373 1074 milri
393 1009 512 1072 misero

248 1115 306 1179 lux
331 1121 382 1178 est
405 1111 549 1177 collata?

206 1214 258 1282 cui
283 1213 416 1279 afflictio

249 1317 314 1382 heu
337 1315 514 1381 cumulata!

207 1418 357 1502 quidnam
379 1417 413 1480 iu
436 1415 557 1480 saeculo

250 1539 346 1602 quam
369 1517 482 1599 gravis
504 1518 613 1598 labor,

207 1643 303 1706 quam
324 1622 490 1688 tribulatio

250 1725 469 1806 frequensque
493 1719 614 1786 dolori

210 1911 314 1996 „Vilis
335 1911 514 1995 pulviculo,

252 2029 310 2075 our
333 2011 530 2092 querularis,

207 2111 261 2179 hio
283 2113 456 2178 multifarie

251 2236 323 2282 cum
346 2216 537 2280 tribularis?

205 2321 330 2403 nescis,
354 2317 442 2401 quod
463 2319 530 2384 otio

248 2442 314 2487 non
336 2443 422 2489 nunc
444 2421 653 2506 torpendum,

207 2525 267 2593 sed
285 2526 360 2611 jugi
382 2526 494 2610 gladio

250 2631 355 2714 magis
378 2629 539 2696 utendum.

206 2815 252 2884 Ut
273 2837 386 2882 aurum
410 2818 522 2900 purius

250 2921 327 3002 igne
350 2929 524 3004 purgatur,

206 3043 297 3088 meus
320 3025 367 3089 sio
390 3024 474 3089 filius

250 3148 348 3212 poena
370 3131 543 3212 probatur:

207 3251 272 3316 ego
296 3252 377 3315 quos
400 3233 501 3317 diligo

251 3353 380 3418 semper
404 3338 545 3420 castigo,

206 3455 269 3502 uec
292 3457 407 3502 servus
431 3439 560 3507 domino

250 3539 357 3624 major
379 3549 430 3605 est
453 3561 521 3606 suo:

207 3705 263 3772 Au
285 3709 344 3774 tibi
367 3708 488 3772 excidit

252 3807 339 3888 quod
361 3807 523 3889 relegisti,

206 3907 261 3975 hic
284 3929 364 3976 crux
392 3911 479 3993 quod
502 3913 638 3997 exstitit,

247 4022 350 4079 totum
372 4015 460 4098 quod
482 4019 582 4083 vixit

204 4126 320 4202 caput,
347 4139 409 4186 neo
431 4121 545 4205 habui,

249 4240 315 4304 quo
337 4223 546 4308 reclinarem,
595 4224 597 4232 ’

203 4324 259 4392 hic
282 4335 396 4392 auctor
418 4329 532 4392 saeculi

250 4447 323 4494 oum
346 4431 520 4494 exularem.

203 4599 330 4677 Quanto
353 4599 407 4668 hic
430 4605 568 4690 amplius

247 4703 439 4790 humiliaris,

881 506 972 565 tauto
994 497 1171 583 perfectius

925 603 1003 668 milri
1027 601 1182 684 aequaris,

883 706 937 788 qui
960 723 1029 768 sum
1053 703 1245 785 altissimus,

926 809 1006 874 deus
1033 807 1074 872 de
1097 807 1170 890 deo,

883 911 943 978 sed
965 918 1072 975 tamen
1094 909 1241 973 minimus

790 1004 831 1066 25
926 1030 1064 1094 nequam
1086 1011 1119 1074 in
1141 1008 1269 1074 mundo.

883 1216 961 1280 Mea
984 1214 1159 1278 humillima

927 1316 1159 1384 mater'Maria

885 1420 1023 1486 omnium
1046 1419 1159 1482 ultima

791 1515 833 1580 30
928 1521 982 1587 hio
1005 1527 1173 1606 reputata,

885 1623 1005 1710 quanti
1027 1643 1112 1690 nuuc
1134 1620 1240 1706 gloria

929 1738 980 1794 est
1001 1729 1187 1810 sublimata,

885 1831 940 1898 hic
961 1853 1022 1916 per
1044 1833 1186 1916 poeualia

928 1943 1019 2000 tanta
1040 1937 1188 2019 probata.

788 2113 834 2176 ⁴3⁵
885 2141 936 2208 llu
959 2141 1166 2226 singulariter

930 2247 1006 2310 mihi
1029 2245 1148 2308 delecti

886 2350 995 2415 cuncti
1019 2349 1192 2432 poeualiter

931 2461 1004 2518 sunt
1025 2451 1080 2520 hic
1102 2452 1227 2536 affecti,

886 2557 1039 2621 virtutum
1060 2555 1182 2619 meritis

649 2751 652 2756 Ι
791 2632 834 2696 4⁰
929 2681 990 2744 per
1012 2660 1076 2724 hoo
1097 2659 1231 2741 repleti,

887 2785 973 2832 nuno
996 2765 1069 2830 coeli
1091 2763 1234 2847 praemiis

931 2887 1059 2953 semper
1086 2871 1161 2930 suut
1182 2864 1258 2930 laeti.

886 3072 947 3141 Est
968 3073 1046 3138 mihi
1069 3073 1196 3157 patiens

930 3197 1057 3262 pauper
1081 3181 1252 3258 aceeptus,

889 3285 995 3350 clarus
1017 3282 1071 3348 hic
1093 3282 1236 3346 insoleus

931 3407 1060 3472 semper
1083 3385 1272 3470 despectus:

887 3491 1021 3572 mundo,
1045 3488 1132 3571 quod
1154 3488 1310 3570 inclytum

796 3615 802 3626 ·
932 3601 997 3676 est,
1022 3593 1216 3676 honoratur,

889 3697 967 3762 mihi
989 3705 1025 3762 ut
1047 3697 1192 3761 foetidum

793 3812 834 3876 50
934 3803 1144 3868 abominatur.

888 3984 915 4053 0
939 3987 966 4050 si
987 3983 1210 4068 perpenderes

930 4107 1003 4151 mea
1021 4085 1198 4170 promissa,

888 4192 992 4256 libens
1017 4197 1191 4274 appeteres

752 4351 754 4357 ,
793 4333 835 4396 55
932 4313 1068 4376 quaeque
1091 4293 1244 4374 molesta,

886 4417 1003 4484 posses
1025 4406 1060 4462 nt
1083 4397 1238 4479 consequi

930 4501 1051 4586 gaudia
1073 4501 1161 4583 coeli,

888 4626 961 4690 quoe
984 4606 1106 4672 habent
1128 4603 1247 4686 singuli

930 4707 985 4776 hic
1005 4729 1067 4795 pro
1090 4729 1141 4774 me
1163 4707 1263 4793 passi.
