3282 5370
115 507 198 577 Cum
221 508 336 572 lancea
358 503 567 589 gravissima,
798 503 854 587 qui
876 501 971 569 diluis
993 503 1122 588 piacula

161 631 225 694 qua
248 627 345 674 cruor
369 607 531 672 emanavit
840 607 874 672 in
896 607 1020 692 pascha
1042 619 1260 676 consecratus.

116 736 190 783 cum
213 732 298 795 aqua
321 711 558 802 limpidissima,

161 839 234 902 quae
257 835 317 882 nos
341 837 361 880 a
382 835 470 880 noxa
491 813 580 878 lavit.
798 769 963 838 &tramis
987 769 1062 836 ¹¹1¹]ss
1085 773 1251 838 ⁰lflvi⁰1¹li⁸

843 875 931 940 fuisti
953 877 1113 942 resolutus

114 983 181 1052 Per
203 979 625 1064 sanguinemsacerrimum
704 979 747 1042 25
800 987 834 1044 et
855 979 948 1042 lineis
970 980 1151 1062 panniculis

161 1085 277 1168 rigasti
299 1083 405 1148 crucis
427 1091 573 1166 postem,
701 1121 705 1129 ·
843 1082 1016 1166 dignanter
1035 1085 1207 1150 involutus

124 1207 187 1272 quo
209 1187 367 1252 Zabulum
390 1186 602 1268 asperrimum

163 1289 287 1354 necasti
309 1289 402 1354 nobis
425 1288 558 1352 hostem.
798 1246 863 1312 1³¹⁰
886 1247 948 1312 ‘¹¹5⁸
971 1247 1185 1332 funeralibus,

842 1372 915 1435 quae
937 1351 1064 1438 loseph
1087 1353 1303 1436 comparavit,

119 1457 205 1524 Nam
229 1473 329 1539 agnus
352 1459 475 1537 absque
498 1453 625 1520 macula
799 1455 951 1539 expensis
974 1457 1028 1538 qui
1050 1457 1252 1538 magnalibus

166 1567 202 1623 tn
224 1577 259 1622 es
280 1557 525 1642 praefiguratus,
704 1558 746 1622 30
843 1561 998 1642 erpequias
1020 1562 1157 1648 paravit.
1381 1559 1425 1622 40

211 1730 243 1782 15
262 1733 290 1783 et
307 1726 379 1783 selrlt
396 1728 443 1782 Hs.
478 1727 713 1816 2⁸2.besserlquo‚
747 1728 783 1780 27
801 1725 937 1782 Zabalum
955 1727 1002 1784 ils.
1037 1729 1072 1782 38
1091 1745 1162 1803 quos
1181 1729 1227 1786 Hs.

208 1832 239 1885 V.
259 1833 283 1886 6.
302 1834 421 1902 private,
440 1831 578 1900 heimlich,
597 1833 665 1886 weil
682 1833 850 1887 Nicodamus
868 1833 978 1888 Nachts
993 1851 1028 1888 au
1047 1834 1176 1891 Christus
1194 1833 1265 1890 kam.
1289 1833 1426 1901 sclusa.

208 1919 240 1974 V.
259 1923 386 1974 21-24.
413 1925 502 1996 νυγεὶς
520 1920 564 1975 ἐπὶ
583 1925 628 1976 σοὶ
647 1919 767 1996 πλευρὰν
786 1917 802 1978 ὁ
820 1927 943 1993 κτίστης,
971 1926 1071 2000 occepi
1078 1966 1086 1991 ,
1107 1924 1274 1988 ἐθελουσίως
1299 1923 1425 2000 duapond-

121 2027 210 2080 μενος,
231 2005 299 2078 αἷμα
317 2013 363 2062 καὶ
380 2007 455 2084 ὕδωρ
475 2005 612 2084 duopevol,
632 2005 667 2062 δι’
688 1998 726 2064 ὦν
740 2003 957 2084 ἅνεπλάσθημεν.
976 2011 1053 2084 Sept
1074 2015 1113 2066 ll.
1149 2003 1215 2066 Dies
1233 2011 1345 2068 beuielrt
1363 2013 1425 2070 sich

119 2094 174 2152 auf
189 2095 234 2150 die
253 2093 342 2150 Tanis
360 2095 417 2150 wie
435 2096 466 2149 V.
485 2099 527 2150 at.

207 2183 240 2237 V.
258 2185 300 2238 26.
329 2187 448 2254 postem,
466 2183 578 2239 berielrt
595 2183 656 2238 rieh
674 2181 727 2239 aul
740 2183 785 2238 die
804 2184 1009 2256 Besprengung
1028 2185 1276 2259 der'l'lriirplosten
1295 2187 1345 2244 mit
1363 2189 1426 2244 dem

120 2269 289 2344 Opferblute
308 2288 363 2328 vor
382 2271 442 2326 dem
460 2272 575 2344 Auszug
594 2287 644 2327 aus
663 2273 819 2344 Aegypten.
849 2273 935 2330 Exod
956 2277 997 2344 12,
1015 2277 1057 2328 22.

555 2555 638 2630 100.
669 2559 718 2630 ad
735 2557 1004 2656 completorium·
1039 2597 1041 2605 ¹

118 2721 179 2793 Ad
201 2723 315 2787 horam
338 2725 539 2808 completorii
798 2729 978 2796 salvantem
1001 2743 1104 2809 genum
1128 2725 1290 2791 hominum

163 2830 253 2893 fuisti
276 2829 474 2913 deportatus.
718 2891 721 2896 .
842 2834 884 2898 ob
906 2831 1076 2906 maximum
1100 2848 1249 2896 amorem.

119 2933 164 3000 ad
187 2952 318 3016 specum
339 2931 580 3016 promontorii,⁴
1044 2921 1049 2932 “

166 3037 284 3104 ibidem
306 3038 494 3122 tumulatus,

797 2993 834 3061 In
857 3001 945 3057 terra
967 2999 1044 3076 tunc
1067 2991 1286 3074 sanctissimae,

841 3098 986 3161 salvator
1008 3095 1089 3161 Jesu
1111 3099 1215 3178 bone,

120 3199 159 3269 In
181 3200 318 3264 candido
342 3199 473 3264 sudario
726 3203 746 3264 5
797 3209 863 3266 tam
884 3201 1033 3284 virginer
1053 3200 1241 3265 clarissimae

164 3303 312 3386 gratifice
336 3311 503 3386 consutus,
841 3323 937 3387 quam
959 3303 1084 3368 nobiles
1106 3310 1262 3368 matronae

120 3415 266 3474 aromate
289 3425 360 3471 cum
382 3407 474 3470 vario
554 3437 557 3444 =

164 3511 324 3593 condigne
348 3511 526 3594 delibutus,
798 3466 962 3534 Sederunt
984 3469 1056 3533 oum
1077 3467 1228 3532 moestitia

841 3572 888 3635 cis
911 3580 999 3636 tuum
1020 3573 1272 3650 monumentum,

118 3677 172 3745 Ex
193 3677 336 3764 myrrhae
358 3675 581 3742 mixturamine
798 3677 831 3742 in
854 3675 962 3740 cordis
985 3675 1131 3742 amaritia

165 3801 204 3847 ac
226 3782 316 3845 aloes
339 3777 502 3863 conditur,
706 3781 745 3844 10
825 3780 1013 3864 *tundentes
1035 3781 1099 3844 heu
1121 3780 1294 3844 lamentum

120 3908 193 3956 cum
213 3887 333 3952 mundo
354 3886 539 3950 linteamine

164 3991 319 4055 decenter
340 3989 519 4052 investitus.
800 3946 881 4012 cum
904 3945 1033 4010 d⁰m¹¹¹³
1054 3961 1229 4008 Sacerrlma

841 4051 947 4116 Maria
969 4049 1130 4134 gloriosa,

117 4156 203 4228 Hinc
223 4154 364 4239 lapidem
387 4152 537 4218 eximium
798 4155 955 4238 benigna,
977 4153 1259 4238 praepulcerrima,

162 4261 312 4345 discipuli
333 4261 507 4324 volverunt
841 4255 1026 4342 praedigna,
1048 4258 1278 4341 praeformosa,

116 4374 152 4432 et
172 4372 409 4430 monumentum
431 4363 561 4426 nimium
703 4363 743 4426 15

160 4469 295 4536 fimiter
318 4472 556 4535 obstruxerunt·
798 4421 878 4502 Quae
904 4419 1031 4486 fletibus
1055 4421 1223 4504 rigaverat

840 4524 905 4589 heu
926 4525 1119 4606 virginalem
1141 4523 1263 4587 vultum

112 4634 314 4718 Plangentes
336 4654 427 4699 suum
451 4631 613 4698 dominum
797 4627 1021 4712 gemendoque
1044 4627 1227 4711 spiraverat

158 4745 206 4822 te,
228 4735 339 4804 mnndi
358 4735 615 4821 redemptorem,
840 4730 990 4838 continue
1012 4728 1193 4844 singultum.
