<?xml version="1.0" encoding="UTF-8"?>
<!DOCTYPE html PUBLIC "-//W3C//DTD XHTML 1.0 Transitional//EN"
    "http://www.w3.org/TR/xhtml1/DTD/xhtml1-transitional.dtd">
<html xmlns="http://www.w3.org/1999/xhtml" xml:lang="en" lang="en">
 <head>
  <title>
</title>
<meta http-equiv="Content-Type" content="text/html;charset=utf-8" />
  <meta name='ocr-system' content='tesseract 3.04.00' />
  <meta name='ocr-capabilities' content='ocr_page ocr_carea ocr_par ocr_line ocrx_word'/>
</head>
<body>
  <div class='ocr_page' id='page_1' title='image "./hymnilatinimedi01monegoog_0347.png"; bbox 0 0 3324 5358; ppageno 0'>
   <div class='ocr_carea' id='block_1_1' title="bbox 232 321 298 396">
    <p class='ocr_par' dir='ltr' id='par_1_1' title="bbox 232 321 298 396">
     <span class='ocr_line' id='line_1_1' title="bbox 232 321 298 396; baseline -0.045 0"><span class='ocrx_word' id='word_1_1' title='bbox 232 321 298 396; x_wconf 66' lang='grc'><strong>884</strong></span> 
     </span>
    </p>
   </div>
   <div class='ocr_carea' id='block_1_2' title="bbox 232 516 663 894">
    <p class='ocr_par' dir='ltr' id='par_1_2' title="bbox 232 516 663 894">
     <span class='ocr_line' id='line_1_2' title="bbox 232 516 616 601; baseline -0.008 -17"><span class='ocrx_word' id='word_1_2' title='bbox 232 516 325 601; x_wconf 81' lang='lat' dir='ltr'><strong>Ave,</strong></span> <span class='ocrx_word' id='word_1_3' title='bbox 349 518 403 600; x_wconf 89' lang='lat' dir='ltr'><strong>qui</strong></span> <span class='ocrx_word' id='word_1_4' title='bbox 424 519 616 584; x_wconf 82' lang='lat' dir='ltr'><strong>verbenbus</strong></span> 
     </span>
     <span class='ocr_line' id='line_1_3' title="bbox 276 621 663 706; baseline 0.003 -20"><span class='ocrx_word' id='word_1_5' title='bbox 276 629 311 686; x_wconf 94' lang='lat' dir='ltr'><strong>tu</strong></span> <span class='ocrx_word' id='word_1_6' title='bbox 335 640 454 706; x_wconf 92' lang='lat' dir='ltr'><strong>corpus</strong></span> <span class='ocrx_word' id='word_1_7' title='bbox 478 621 663 705; x_wconf 84' lang='lat' dir='ltr'><strong>denudasti3</strong></span> 
     </span>
     <span class='ocr_line' id='line_1_4' title="bbox 232 725 599 793; baseline -0.005 -1"><span class='ocrx_word' id='word_1_8' title='bbox 232 726 310 792; x_wconf 87' lang='lat' dir='ltr'><strong>mite</strong></span> <span class='ocrx_word' id='word_1_9' title='bbox 331 725 463 790; x_wconf 88' lang='lat' dir='ltr'><strong>dorsum</strong></span> <span class='ocrx_word' id='word_1_10' title='bbox 483 727 599 793; x_wconf 86' lang='lat' dir='ltr'><strong>ictibus</strong></span> 
     </span>
     <span class='ocr_line' id='line_1_5' title="bbox 277 829 632 894; baseline 0 0"><span class='ocrx_word' id='word_1_11' title='bbox 277 837 312 894; x_wconf 89' lang='lat' dir='ltr'><strong>tu</strong></span> <span class='ocrx_word' id='word_1_12' title='bbox 336 829 425 894; x_wconf 92' lang='lat' dir='ltr'><strong>duris</strong></span> <span class='ocrx_word' id='word_1_13' title='bbox 447 829 632 894; x_wconf 90' lang='lat' dir='ltr'><strong>incurvasti.</strong></span> 
     </span>
    </p>
   </div>
   <div class='ocr_carea' id='block_1_3' title="bbox 231 1009 659 1408">
    <p class='ocr_par' dir='ltr' id='par_1_3' title="bbox 231 1009 659 1303">
     <span class='ocr_line' id='line_1_6' title="bbox 231 1009 589 1098; baseline 0 -19"><span class='ocrx_word' id='word_1_14' title='bbox 231 1009 322 1096; x_wconf 84' lang='lat' dir='ltr'><strong>Ave,</strong></span> <span class='ocrx_word' id='word_1_15' title='bbox 344 1013 437 1098; x_wconf 67' lang='lat' dir='ltr'><strong>cujus</strong></span> <span class='ocrx_word' id='word_1_16' title='bbox 460 1015 589 1079; x_wconf 78' lang='lat' dir='ltr'><strong>tremus</strong></span> 
     </span>
     <span class='ocr_line' id='line_1_7' title="bbox 275 1118 616 1200; baseline 0.009 -20"><span class='ocrx_word' id='word_1_17' title='bbox 275 1118 334 1182; x_wconf 91' lang='lat' dir='ltr'><strong>sub</strong></span> <span class='ocrx_word' id='word_1_18' title='bbox 358 1118 471 1200; x_wconf 90' lang='lat' dir='ltr'><strong>spinea</strong></span> <span class='ocrx_word' id='word_1_19' title='bbox 494 1135 616 1183; x_wconf 90' lang='lat' dir='ltr'><strong>coroua</strong></span> 
     </span>
     <span class='ocr_line' id='line_1_8' title="bbox 232 1217 659 1303; baseline 0 -19"><span class='ocrx_word' id='word_1_20' title='bbox 232 1227 345 1303; x_wconf 87' lang='lat' dir='ltr'><strong>caput,</strong></span> <span class='ocrx_word' id='word_1_21' title='bbox 369 1221 428 1285; x_wconf 93' lang='lat' dir='ltr'><strong>sub</strong></span> <span class='ocrx_word' id='word_1_22' title='bbox 452 1237 516 1302; x_wconf 87' lang='lat' dir='ltr'><strong>que</strong></span> <span class='ocrx_word' id='word_1_23' title='bbox 537 1217 659 1284; x_wconf 83' lang='lat' dir='ltr'>maduit</span> 
     </span>
    </p>

    <p class='ocr_par' dir='ltr' id='par_1_4' title="bbox 275 1323 658 1408">
     <span class='ocr_line' id='line_1_9' title="bbox 275 1323 658 1408; baseline 0 -21"><span class='ocrx_word' id='word_1_24' title='bbox 275 1339 392 1388; x_wconf 89' lang='lat' dir='ltr'><strong>cruere</strong></span> <span class='ocrx_word' id='word_1_25' title='bbox 414 1323 522 1388; x_wconf 82' lang='lat' dir='ltr'><strong>fronte</strong></span> <span class='ocrx_word' id='word_1_26' title='bbox 544 1342 658 1408; x_wconf 87' lang='lat' dir='ltr'><strong>prona.</strong></span> 
     </span>
    </p>
   </div>
   <div class='ocr_carea' id='block_1_4' title="bbox 229 1505 633 1880">
    <p class='ocr_par' dir='ltr' id='par_1_5' title="bbox 229 1505 633 1880">
     <span class='ocr_line' id='line_1_10' title="bbox 229 1505 528 1592; baseline -0.01 -17"><span class='ocrx_word' id='word_1_27' title='bbox 229 1505 307 1575; x_wconf 89' lang='lat' dir='ltr'><strong>Ave</strong></span> <span class='ocrx_word' id='word_1_28' title='bbox 330 1528 392 1572; x_wconf 91' lang='lat' dir='ltr'><strong>ave</strong></span> <span class='ocrx_word' id='word_1_29' title='bbox 415 1507 528 1592; x_wconf 90' lang='lat' dir='ltr'><strong>hodie,</strong></span> 
     </span>
     <span class='ocr_line' id='line_1_11' title="bbox 274 1610 633 1692; baseline 0 -17"><span class='ocrx_word' id='word_1_30' title='bbox 274 1629 295 1675; x_wconf 93' lang='lat' dir='ltr'><strong>o</strong></span> <span class='ocrx_word' id='word_1_31' title='bbox 316 1610 421 1676; x_wconf 80' lang='lat' dir='ltr'><strong>lhesu</strong></span> <span class='ocrx_word' id='word_1_32' title='bbox 442 1611 519 1674; x_wconf 85' lang='lat' dir='ltr'><strong>mihi</strong></span> <span class='ocrx_word' id='word_1_33' title='bbox 541 1629 633 1692; x_wconf 89' lang='lat' dir='ltr'><strong>care,</strong></span> 
     </span>
     <span class='ocr_line' id='line_1_12' title="bbox 229 1714 535 1779; baseline -0.007 0"><span class='ocrx_word' id='word_1_34' title='bbox 229 1715 328 1779; x_wconf 86' lang='lat' dir='ltr'><strong>morti</strong></span> <span class='ocrx_word' id='word_1_35' title='bbox 351 1714 535 1778; x_wconf 88' lang='lat' dir='ltr'><strong>voluntarie</strong></span> 
     </span>
     <span class='ocr_line' id='line_1_13' title="bbox 275 1814 598 1880; baseline -0.006 -2"><span class='ocrx_word' id='word_1_36' title='bbox 275 1814 393 1880; x_wconf 91' lang='lat' dir='ltr'><strong>dedisti</strong></span> <span class='ocrx_word' id='word_1_37' title='bbox 414 1821 446 1878; x_wconf 91' lang='lat' dir='ltr'><strong>te</strong></span> <span class='ocrx_word' id='word_1_38' title='bbox 470 1833 598 1879; x_wconf 83' lang='lat' dir='ltr'><strong>amarae.</strong></span> 
     </span>
    </p>
   </div>
   <div class='ocr_carea' id='block_1_5' title="bbox 226 1993 660 2378">
    <p class='ocr_par' dir='ltr' id='par_1_6' title="bbox 226 1993 660 2378">
     <span class='ocr_line' id='line_1_14' title="bbox 227 1993 581 2086; baseline 0.011 -22"><span class='ocrx_word' id='word_1_39' title='bbox 227 1993 322 2080; x_wconf 87' lang='lat' dir='ltr'><strong>Ave,</strong></span> <span class='ocrx_word' id='word_1_40' title='bbox 346 1999 400 2081; x_wconf 91' lang='lat' dir='ltr'><strong>qui</strong></span> <span class='ocrx_word' id='word_1_41' title='bbox 422 2000 581 2086; x_wconf 89' lang='lat' dir='ltr'><strong>supplicio</strong></span> 
     </span>
     <span class='ocr_line' id='line_1_15' title="bbox 273 2101 660 2190; baseline 0.021 -26"><span class='ocrx_word' id='word_1_42' title='bbox 273 2101 348 2165; x_wconf 90' lang='lat' dir='ltr'><strong>dum</strong></span> <span class='ocrx_word' id='word_1_43' title='bbox 371 2104 475 2168; x_wconf 88' lang='lat' dir='ltr'><strong>crucis</strong></span> <span class='ocrx_word' id='word_1_44' title='bbox 497 2104 660 2190; x_wconf 80' lang='lat' dir='ltr'><strong>defecisti,</strong></span> 
     </span>
     <span class='ocr_line' id='line_1_16' title="bbox 226 2206 527 2272; baseline 0.017 -5"><span class='ocrx_word' id='word_1_45' title='bbox 226 2206 341 2269; x_wconf 88' lang='lat' dir='ltr'><strong>mortis</strong></span> <span class='ocrx_word' id='word_1_46' title='bbox 364 2209 405 2271; x_wconf 90' lang='lat' dir='ltr'><strong>ab</strong></span> <span class='ocrx_word' id='word_1_47' title='bbox 429 2207 527 2272; x_wconf 89' lang='lat' dir='ltr'><strong>exitio</strong></span> 
     </span>
     <span class='ocr_line' id='line_1_17' title="bbox 273 2307 645 2378; baseline 0.016 -6"><span class='ocrx_word' id='word_1_48' title='bbox 273 2307 353 2373; x_wconf 84' lang='lat' dir='ltr'><strong>dirae</strong></span> <span class='ocrx_word' id='word_1_49' title='bbox 372 2327 433 2374; x_wconf 90' lang='lat' dir='ltr'><strong>nos</strong></span> <span class='ocrx_word' id='word_1_50' title='bbox 449 2312 645 2378; x_wconf 80' lang='lat' dir='ltr'><strong>abstraxisti.</strong></span> 
     </span>
    </p>
   </div>
   <div class='ocr_carea' id='block_1_6' title="bbox 226 2488 704 2887">
    <p class='ocr_par' dir='ltr' id='par_1_7' title="bbox 226 2488 577 2576">
     <span class='ocr_line' id='line_1_18' title="bbox 226 2488 577 2576; baseline 0.011 -20"><span class='ocrx_word' id='word_1_51' title='bbox 226 2488 321 2575; x_wconf 89' lang='lat' dir='ltr'><strong>Ave,</strong></span> <span class='ocrx_word' id='word_1_52' title='bbox 345 2493 400 2576; x_wconf 91' lang='lat' dir='ltr'><strong>qui</strong></span> <span class='ocrx_word' id='word_1_53' title='bbox 423 2495 577 2560; x_wconf 75' lang='lat' dir='ltr'>amabiles</span> 
     </span>
    </p>

    <p class='ocr_par' dir='ltr' id='par_1_8' title="bbox 228 2595 704 2782">
     <span class='ocr_line' id='line_1_19' title="bbox 272 2595 704 2686; baseline 0.016 -26"><span class='ocrx_word' id='word_1_54' title='bbox 272 2595 347 2661; x_wconf 90' lang='lat' dir='ltr'><strong>dum</strong></span> <span class='ocrx_word' id='word_1_55' title='bbox 369 2617 482 2662; x_wconf 88' lang='lat' dir='ltr'><strong>manus</strong></span> <span class='ocrx_word' id='word_1_56' title='bbox 504 2599 704 2686; x_wconf 72' lang='lat' dir='ltr'><strong>expandisti,</strong></span> 
     </span>
     <span class='ocr_line' id='line_1_20' title="bbox 228 2700 570 2782; baseline 0.006 -19"><span class='ocrx_word' id='word_1_57' title='bbox 228 2717 344 2782; x_wconf 70' lang='lat' dir='ltr'><strong>poenas</strong></span> <span class='ocrx_word' id='word_1_58' title='bbox 367 2700 570 2765; x_wconf 79' lang='lat' dir='ltr'><strong>miserabiles</strong></span> 
     </span>
    </p>

    <p class='ocr_par' dir='ltr' id='par_1_9' title="bbox 270 2803 597 2887">
     <span class='ocr_line' id='line_1_21' title="bbox 270 2803 597 2887; baseline 0.006 -21"><span class='ocrx_word' id='word_1_59' title='bbox 270 2803 304 2866; x_wconf 91' lang='lat' dir='ltr'><strong>iu</strong></span> <span class='ocrx_word' id='word_1_60' title='bbox 327 2821 466 2887; x_wconf 88' lang='lat' dir='ltr'><strong>corpore</strong></span> <span class='ocrx_word' id='word_1_61' title='bbox 489 2805 597 2870; x_wconf 89' lang='lat' dir='ltr'><strong>tulisti.</strong></span> 
     </span>
    </p>
   </div>
   <div class='ocr_carea' id='block_1_7' title="bbox 227 2979 654 3374">
    <p class='ocr_par' dir='ltr' id='par_1_10' title="bbox 228 2979 654 3170">
     <span class='ocr_line' id='line_1_22' title="bbox 228 2979 587 3068; baseline -0.003 -19"><span class='ocrx_word' id='word_1_62' title='bbox 228 2979 322 3065; x_wconf 88' lang='lat' dir='ltr'><strong>Ave,</strong></span> <span class='ocrx_word' id='word_1_63' title='bbox 346 2983 400 3065; x_wconf 89' lang='lat' dir='ltr'><strong>qui</strong></span> <span class='ocrx_word' id='word_1_64' title='bbox 421 2983 454 3047; x_wconf 95' lang='lat' dir='ltr'><strong>iu</strong></span> <span class='ocrx_word' id='word_1_65' title='bbox 476 2984 587 3068; x_wconf 81' lang='lat' dir='ltr'><strong>stipite</strong></span> 
     </span>
     <span class='ocr_line' id='line_1_23' title="bbox 272 3085 654 3170; baseline 0.016 -25"><span class='ocrx_word' id='word_1_66' title='bbox 272 3085 319 3149; x_wconf 90' lang='lat' dir='ltr'><strong>sio</strong></span> <span class='ocrx_word' id='word_1_67' title='bbox 342 3086 446 3150; x_wconf 90' lang='lat' dir='ltr'><strong>crucis</strong></span> <span class='ocrx_word' id='word_1_68' title='bbox 468 3085 654 3170; x_wconf 75' lang='lat' dir='ltr'><strong>pependisti</strong></span> 
     </span>
    </p>

    <p class='ocr_par' dir='ltr' id='par_1_11' title="bbox 227 3187 579 3374">
     <span class='ocr_line' id='line_1_24' title="bbox 227 3187 550 3272; baseline 0.006 -22"><span class='ocrx_word' id='word_1_69' title='bbox 227 3194 261 3252; x_wconf 92' lang='lat' dir='ltr'><strong>et</strong></span> <span class='ocrx_word' id='word_1_70' title='bbox 283 3187 422 3252; x_wconf 89' lang='lat' dir='ltr'><strong>demisso</strong></span> <span class='ocrx_word' id='word_1_71' title='bbox 444 3191 550 3272; x_wconf 85' lang='lat' dir='ltr'><strong>capite</strong></span> 
     </span>
     <span class='ocr_line' id='line_1_25' title="bbox 271 3292 579 3374; baseline 0.016 -22"><span class='ocrx_word' id='word_1_72' title='bbox 271 3292 417 3374; x_wconf 91' lang='lat' dir='ltr'><strong>spiritum</strong></span> <span class='ocrx_word' id='word_1_73' title='bbox 438 3294 579 3357; x_wconf 84' lang='lat' dir='ltr'><strong>emisisti.</strong></span> 
     </span>
    </p>
   </div>
   <div class='ocr_carea' id='block_1_8' title="bbox 226 3467 652 3761">
    <p class='ocr_par' dir='ltr' id='par_1_12' title="bbox 226 3467 652 3761">
     <span class='ocr_line' id='line_1_26' title="bbox 226 3467 556 3536; baseline 0 0"><span class='ocrx_word' id='word_1_74' title='bbox 226 3467 302 3536; x_wconf 90' lang='lat' dir='ltr'><strong>Ave</strong></span> <span class='ocrx_word' id='word_1_75' title='bbox 326 3470 428 3535; x_wconf 88' lang='lat' dir='ltr'><strong>dulcis</strong></span> <span class='ocrx_word' id='word_1_76' title='bbox 450 3471 556 3536; x_wconf 89' lang='lat' dir='ltr'><strong>hostia</strong></span> 
     </span>
     <span class='ocr_line' id='line_1_27' title="bbox 269 3575 652 3660; baseline 0.008 -23"><span class='ocrx_word' id='word_1_77' title='bbox 269 3581 304 3637; x_wconf 93' lang='lat' dir='ltr'><strong>tu</strong></span> <span class='ocrx_word' id='word_1_78' title='bbox 327 3591 436 3638; x_wconf 90' lang='lat' dir='ltr'><strong>coram</strong></span> <span class='ocrx_word' id='word_1_79' title='bbox 458 3581 552 3656; x_wconf 84' lang='lat' dir='ltr'><strong>patre</strong></span> <span class='ocrx_word' id='word_1_80' title='bbox 574 3575 652 3660; x_wconf 89' lang='lat' dir='ltr'><strong>deo,</strong></span> 
     </span>
     <span class='ocr_line' id='line_1_28' title="bbox 226 3679 581 3761; baseline 0.006 -21"><span class='ocrx_word' id='word_1_81' title='bbox 226 3684 297 3742; x_wconf 89' lang='lat' dir='ltr'><strong>esto</strong></span> <span class='ocrx_word' id='word_1_82' title='bbox 320 3697 405 3742; x_wconf 92' lang='lat' dir='ltr'><strong>uuuc</strong></span> <span class='ocrx_word' id='word_1_83' title='bbox 426 3679 581 3761; x_wconf 86' lang='lat' dir='ltr'><strong>propitia,</strong></span> 
     </span>
    </p>
   </div>
   <div class='ocr_carea' id='block_1_9' title="bbox 268 3782 724 3864">
    <p class='ocr_par' dir='ltr' id='par_1_13' title="bbox 268 3782 724 3864">
     <span class='ocr_line' id='line_1_29' title="bbox 268 3782 724 3864; baseline 0.013 -20"><span class='ocrx_word' id='word_1_84' title='bbox 268 3788 301 3844; x_wconf 91' lang='lat' dir='ltr'><strong>te</strong></span> <span class='ocrx_word' id='word_1_85' title='bbox 324 3798 458 3864; x_wconf 88' lang='lat' dir='ltr'><strong>precor,</strong></span> <span class='ocrx_word' id='word_1_86' title='bbox 482 3782 558 3845; x_wconf 85' lang='lat' dir='ltr'><strong>mibi</strong></span> <span class='ocrx_word' id='word_1_87' title='bbox 579 3802 647 3849; x_wconf 87' lang='lat' dir='ltr'><strong>reo.</strong></span> <span class='ocrx_word' id='word_1_88' title='bbox 721 3841 724 3849; x_wconf 93' lang='grc'><em>,</em></span> 
     </span>
    </p>
   </div>
   <div class='ocr_carea' id='block_1_10' title="bbox 224 3945 611 4031">
    <p class='ocr_par' dir='ltr' id='par_1_14' title="bbox 224 3945 611 4031">
     <span class='ocr_line' id='line_1_30' title="bbox 224 3945 611 4031; baseline 0.008 -17"><span class='ocrx_word' id='word_1_89' title='bbox 224 3945 314 4031; x_wconf 89' lang='lat' dir='ltr'><strong>Ave,</strong></span> <span class='ocrx_word' id='word_1_90' title='bbox 339 3969 432 4031; x_wconf 90' lang='lat' dir='ltr'><strong>quem</strong></span> <span class='ocrx_word' id='word_1_91' title='bbox 454 3953 486 4015; x_wconf 92' lang='lat' dir='ltr'><strong>iu</strong></span> <span class='ocrx_word' id='word_1_92' title='bbox 508 3953 611 4018; x_wconf 89' lang='lat' dir='ltr'><strong>latere</strong></span> 
     </span>
    </p>
   </div>
   <div class='ocr_carea' id='block_1_11' title="bbox 269 4051 770 4144">
    <p class='ocr_par' dir='ltr' id='par_1_15' title="bbox 269 4051 770 4144">
     <span class='ocr_line' id='line_1_31' title="bbox 269 4051 770 4144; baseline 0.03 -31"><span class='ocrx_word' id='word_1_93' title='bbox 269 4051 344 4115; x_wconf 92' lang='lat' dir='ltr'><strong>dum</strong></span> <span class='ocrx_word' id='word_1_94' title='bbox 367 4055 483 4120; x_wconf 84' lang='lat' dir='ltr'><strong>lancea</strong></span> <span class='ocrx_word' id='word_1_95' title='bbox 504 4061 679 4144; x_wconf 82' lang='lat' dir='ltr'><strong>percussit,</strong></span> <span class='ocrx_word' id='word_1_96' title='bbox 768 4071 770 4079; x_wconf 64' lang='lat'><strong>⁴</strong></span> 
     </span>
    </p>
   </div>
   <div class='ocr_carea' id='block_1_12' title="bbox 223 4157 687 4343">
    <p class='ocr_par' dir='ltr' id='par_1_16' title="bbox 223 4157 687 4343">
     <span class='ocr_line' id='line_1_32' title="bbox 223 4157 637 4226; baseline 0.014 -6"><span class='ocrx_word' id='word_1_97' title='bbox 223 4157 334 4220; x_wconf 87' lang='lat' dir='ltr'><strong>matris</strong></span> <span class='ocrx_word' id='word_1_98' title='bbox 358 4175 415 4221; x_wconf 93' lang='lat' dir='ltr'><strong>cor</strong></span> <span class='ocrx_word' id='word_1_99' title='bbox 438 4179 480 4222; x_wconf 91' lang='lat' dir='ltr'><strong>ex</strong></span> <span class='ocrx_word' id='word_1_100' title='bbox 503 4161 637 4226; x_wconf 88' lang='lat' dir='ltr'><strong>vulnere</strong></span> 
     </span>
     <span class='ocr_line' id='line_1_33' title="bbox 266 4261 687 4343; baseline 0.017 -19"><span class='ocrx_word' id='word_1_101' title='bbox 266 4267 343 4325; x_wconf 93' lang='lat' dir='ltr'><strong>tuuc</strong></span> <span class='ocrx_word' id='word_1_102' title='bbox 365 4261 493 4343; x_wconf 83' lang='lat' dir='ltr'><strong>gladius</strong></span> <span class='ocrx_word' id='word_1_103' title='bbox 517 4267 687 4330; x_wconf 82' lang='lat' dir='ltr'><strong>concussit</strong></span> 
     </span>
    </p>
   </div>
   <div class='ocr_carea' id='block_1_13' title="bbox 221 4423 636 4808">
    <p class='ocr_par' dir='ltr' id='par_1_17' title="bbox 221 4423 636 4808">
     <span class='ocr_line' id='line_1_34' title="bbox 221 4423 594 4516; baseline 0.016 -26"><span class='ocrx_word' id='word_1_104' title='bbox 221 4423 297 4491; x_wconf 88' lang='lat' dir='ltr'><strong>Ave</strong></span> <span class='ocrx_word' id='word_1_105' title='bbox 320 4445 397 4491; x_wconf 87' lang='lat' dir='ltr'><strong>rosa</strong></span> <span class='ocrx_word' id='word_1_106' title='bbox 419 4431 594 4516; x_wconf 82' lang='lat' dir='ltr'><strong>sanguinis,</strong></span> 
     </span>
     <span class='ocr_line' id='line_1_35' title="bbox 264 4531 614 4620; baseline 0.02 -28"><span class='ocrx_word' id='word_1_107' title='bbox 264 4531 364 4594; x_wconf 91' lang='lat' dir='ltr'><strong>totius</strong></span> <span class='ocrx_word' id='word_1_108' title='bbox 387 4531 448 4596; x_wconf 83' lang='lat' dir='ltr'><strong>flos</strong></span> <span class='ocrx_word' id='word_1_109' title='bbox 471 4534 614 4620; x_wconf 88' lang='lat' dir='ltr'><strong>decoris,</strong></span> 
     </span>
     <span class='ocr_line' id='line_1_36' title="bbox 221 4631 557 4702; baseline 0.027 -8"><span class='ocrx_word' id='word_1_110' title='bbox 221 4631 283 4695; x_wconf 84' lang='lat' dir='ltr'><strong>iusi</strong></span> <span class='ocrx_word' id='word_1_111' title='bbox 308 4653 397 4698; x_wconf 90' lang='lat' dir='ltr'><strong>more</strong></span> <span class='ocrx_word' id='word_1_112' title='bbox 420 4636 557 4702; x_wconf 86' lang='lat' dir='ltr'><strong>fluminis</strong></span> 
     </span>
     <span class='ocr_line' id='line_1_37' title="bbox 265 4733 636 4808; baseline 0.027 -10"><span class='ocrx_word' id='word_1_113' title='bbox 265 4733 307 4799; x_wconf 92' lang='lat' dir='ltr'><strong>de</strong></span> <span class='ocrx_word' id='word_1_114' title='bbox 331 4738 431 4804; x_wconf 90' lang='lat' dir='ltr'><strong>corde</strong></span> <span class='ocrx_word' id='word_1_115' title='bbox 453 4741 636 4808; x_wconf 86' lang='lat' dir='ltr'><strong>salvatoris.</strong></span> 
     </span>
    </p>
   </div>
   <div class='ocr_carea' id='block_1_14' title="bbox 818 512 1548 906">
    <p class='ocr_par' dir='ltr' id='par_1_18' title="bbox 818 512 1548 906">
     <span class='ocr_line' id='line_1_38' title="bbox 914 512 1280 598; baseline 0.003 -18"><span class='ocrx_word' id='word_1_116' title='bbox 914 512 990 580; x_wconf 87' lang='lat' dir='ltr'><strong>Ave</strong></span> <span class='ocrx_word' id='word_1_117' title='bbox 1014 514 1146 598; x_wconf 69' lang='lat' dir='ltr'><strong>sanguis</strong></span> <span class='ocrx_word' id='word_1_118' title='bbox 1164 515 1280 581; x_wconf 80' lang='lat' dir='ltr'><strong>floride</strong></span> 
     </span>
     <span class='ocr_line' id='line_1_39' title="bbox 957 613 1548 702; baseline 0.003 -18"><span class='ocrx_word' id='word_1_119' title='bbox 957 613 1062 684; x_wconf 81' lang='lat' dir='ltr'><strong>Jhesu</strong></span> <span class='ocrx_word' id='word_1_120' title='bbox 1082 615 1254 702; x_wconf 88' lang='lat' dir='ltr'><strong>Nazareui,</strong></span> <span class='ocrx_word' id='word_1_121' title='bbox 1499 623 1548 686; x_wconf 82' lang='grc'><strong>96</strong></span> 
     </span>
     <span class='ocr_line' id='line_1_40' title="bbox 818 719 1273 804; baseline 0 -21"><span class='ocrx_word' id='word_1_122' title='bbox 818 727 861 790; x_wconf 80' lang='lat'><strong>55</strong></span> <span class='ocrx_word' id='word_1_123' title='bbox 912 739 1009 804; x_wconf 79' lang='lat' dir='ltr'><strong>quem</strong></span> <span class='ocrx_word' id='word_1_124' title='bbox 1031 720 1153 784; x_wconf 88' lang='lat' dir='ltr'><strong>sitimus</strong></span> <span class='ocrx_word' id='word_1_125' title='bbox 1176 719 1273 784; x_wconf 89' lang='lat' dir='ltr'><strong>avide</strong></span> 
     </span>
     <span class='ocr_line' id='line_1_41' title="bbox 956 823 1304 906; baseline -0.003 -19"><span class='ocrx_word' id='word_1_126' title='bbox 956 841 1017 888; x_wconf 89' lang='lat' dir='ltr'><strong>nos</strong></span> <span class='ocrx_word' id='word_1_127' title='bbox 1037 823 1185 889; x_wconf 77' lang='lat' dir='ltr'><strong>siccitate</strong></span> <span class='ocrx_word' id='word_1_128' title='bbox 1207 823 1304 906; x_wconf 89' lang='lat' dir='ltr'><strong>pleni.</strong></span> 
     </span>
    </p>
   </div>
   <div class='ocr_carea' id='block_1_15' title="bbox 910 1005 1543 1301">
    <p class='ocr_par' dir='ltr' id='par_1_19' title="bbox 910 1005 1543 1301">
     <span class='ocr_line' id='line_1_42' title="bbox 910 1005 1311 1091; baseline 0.005 -19"><span class='ocrx_word' id='word_1_129' title='bbox 910 1005 1050 1090; x_wconf 78' lang='lat' dir='ltr'><strong>[Grutes</strong></span> <span class='ocrx_word' id='word_1_130' title='bbox 1071 1015 1171 1074; x_wconf 80' lang='lat' dir='ltr'><strong>tuntas</strong></span> <span class='ocrx_word' id='word_1_131' title='bbox 1193 1007 1311 1091; x_wconf 82' lang='lat' dir='ltr'><strong>gratiae</strong></span> 
     </span>
     <span class='ocr_line' id='line_1_43' title="bbox 955 1112 1366 1196; baseline 0.002 -20"><span class='ocrx_word' id='word_1_132' title='bbox 955 1120 1068 1196; x_wconf 75' lang='lat' dir='ltr'><strong>grates</strong></span> <span class='ocrx_word' id='word_1_133' title='bbox 1088 1113 1162 1196; x_wconf 86' lang='lat' dir='ltr'><strong>tibi,</strong></span> <span class='ocrx_word' id='word_1_134' title='bbox 1182 1131 1202 1178; x_wconf 94' lang='lat' dir='ltr'><strong>o</strong></span> <span class='ocrx_word' id='word_1_135' title='bbox 1222 1112 1366 1194; x_wconf 83' lang='lat' dir='ltr'><strong>Christe,</strong></span> 
     </span>
     <span class='ocr_line' id='line_1_44' title="bbox 911 1217 1543 1301; baseline 0.006 -23"><span class='ocrx_word' id='word_1_136' title='bbox 911 1225 1041 1301; x_wconf 83' lang='lat' dir='ltr'><strong>sempor</strong></span> <span class='ocrx_word' id='word_1_137' title='bbox 1062 1234 1137 1282; x_wconf 87' lang='lat' dir='ltr'><strong>mea</strong></span> <span class='ocrx_word' id='word_1_138' title='bbox 1159 1217 1243 1282; x_wconf 82' lang='lat' dir='ltr'><strong>fecie</strong></span> <span class='ocrx_word' id='word_1_139' title='bbox 1498 1221 1543 1284; x_wconf 86' lang='grc'><strong>95</strong></span> 
     </span>
    </p>
   </div>
   <div class='ocr_carea' id='block_1_16' title="bbox 795 1317 1371 1405">
    <p class='ocr_par' dir='ltr' id='par_1_20' title="bbox 795 1317 1371 1405">
     <span class='ocr_line' id='line_1_45' title="bbox 795 1317 1371 1405; baseline 0.002 -20"><span class='ocrx_word' id='word_1_140' title='bbox 795 1363 806 1374; x_wconf 81' lang='grc'><strong>--</strong></span> <span class='ocrx_word' id='word_1_141' title='bbox 817 1324 858 1387; x_wconf 86' lang='grc'><strong>60</strong></span> <span class='ocrx_word' id='word_1_142' title='bbox 955 1328 1105 1386; x_wconf 88' lang='lat' dir='ltr'><strong>coruscet</strong></span> <span class='ocrx_word' id='word_1_143' title='bbox 1127 1322 1260 1405; x_wconf 83' lang='lat' dir='ltr'><strong>sanguis</strong></span> <span class='ocrx_word' id='word_1_144' title='bbox 1282 1317 1371 1403; x_wconf 81' lang='lat' dir='ltr'><strong>iste]</strong></span> 
     </span>
    </p>
   </div>
   <div class='ocr_carea' id='block_1_17' title="bbox 910 1499 1538 1885">
    <p class='ocr_par' dir='ltr' id='par_1_21' title="bbox 910 1499 1538 1885">
     <span class='ocr_line' id='line_1_46' title="bbox 910 1499 1279 1587; baseline 0.003 -16"><span class='ocrx_word' id='word_1_145' title='bbox 910 1499 1001 1586; x_wconf 81' lang='lat' dir='ltr'><strong>Ave,</strong></span> <span class='ocrx_word' id='word_1_146' title='bbox 1025 1505 1080 1587; x_wconf 83' lang='lat' dir='ltr'><strong>qui</strong></span> <span class='ocrx_word' id='word_1_147' title='bbox 1101 1505 1134 1570; x_wconf 92' lang='lat' dir='ltr'><strong>iu</strong></span> <span class='ocrx_word' id='word_1_148' title='bbox 1157 1507 1279 1572; x_wconf 87' lang='lat' dir='ltr'><strong>tumulo</strong></span> 
     </span>
     <span class='ocr_line' id='line_1_47' title="bbox 953 1607 1290 1694; baseline 0.021 -25"><span class='ocrx_word' id='word_1_149' title='bbox 953 1607 1100 1692; x_wconf 90' lang='lat' dir='ltr'><strong>sepultus</strong></span> <span class='ocrx_word' id='word_1_150' title='bbox 1124 1611 1290 1694; x_wconf 88' lang='lat' dir='ltr'><strong>quievisti,</strong></span> 
     </span>
     <span class='ocr_line' id='line_1_48' title="bbox 910 1708 1257 1793; baseline 0.02 -21"><span class='ocrx_word' id='word_1_151' title='bbox 910 1708 952 1773; x_wconf 89' lang='lat' dir='ltr'><strong>de</strong></span> <span class='ocrx_word' id='word_1_152' title='bbox 974 1729 1038 1793; x_wconf 90' lang='lat' dir='ltr'><strong>quo</strong></span> <span class='ocrx_word' id='word_1_153' title='bbox 1060 1712 1094 1776; x_wconf 91' lang='lat' dir='ltr'><strong>iu</strong></span> <span class='ocrx_word' id='word_1_154' title='bbox 1116 1712 1257 1779; x_wconf 90' lang='lat' dir='ltr'><strong>diluculo</strong></span> 
     </span>
     <span class='ocr_line' id='line_1_49' title="bbox 952 1813 1538 1885; baseline 0.01 -7"><span class='ocrx_word' id='word_1_155' title='bbox 952 1820 988 1878; x_wconf 90' lang='lat' dir='ltr'><strong>ut</strong></span> <span class='ocrx_word' id='word_1_156' title='bbox 1010 1813 1116 1879; x_wconf 91' lang='lat' dir='ltr'><strong>victor</strong></span> <span class='ocrx_word' id='word_1_157' title='bbox 1138 1817 1316 1882; x_wconf 80' lang='lat' dir='ltr'><strong>surrexisti.</strong></span> <span class='ocrx_word' id='word_1_158' title='bbox 1474 1820 1538 1885; x_wconf 83' lang='grc'><strong>100</strong></span> 
     </span>
    </p>
   </div>
   <div class='ocr_carea' id='block_1_18' title="bbox 815 1989 1404 2390">
    <p class='ocr_par' dir='ltr' id='par_1_22' title="bbox 815 1989 1404 2390">
     <span class='ocr_line' id='line_1_50' title="bbox 815 1989 1288 2076; baseline 0.002 -16"><span class='ocrx_word' id='word_1_159' title='bbox 815 1998 855 2062; x_wconf 82' lang='lat'><strong>65</strong></span> <span class='ocrx_word' id='word_1_160' title='bbox 908 1989 999 2074; x_wconf 88' lang='lat' dir='ltr'><strong>Ave,</strong></span> <span class='ocrx_word' id='word_1_161' title='bbox 1023 1994 1132 2076; x_wconf 89' lang='lat' dir='ltr'><strong>quiin</strong></span> <span class='ocrx_word' id='word_1_162' title='bbox 1155 2011 1288 2061; x_wconf 80' lang='lat' dir='ltr'><strong>carcere</strong></span> 
     </span>
     <span class='ocr_line' id='line_1_51' title="bbox 951 2095 1299 2164; baseline 0.017 -6"><span class='ocrx_word' id='word_1_163' title='bbox 951 2095 1068 2160; x_wconf 87' lang='lat' dir='ltr'><strong>inferni</strong></span> <span class='ocrx_word' id='word_1_164' title='bbox 1092 2099 1299 2164; x_wconf 88' lang='lat' dir='ltr'><strong>considentes</strong></span> 
     </span>
     <span class='ocr_line' id='line_1_52' title="bbox 909 2191 1173 2268; baseline 0 -2"><span class='ocrx_word' id='word_1_165' title='bbox 909 2199 1049 2266; x_wconf 85' lang='lat' dir='ltr'><strong>eduxisti</strong></span> <span class='ocrx_word' id='word_1_166' title='bbox 1070 2191 1173 2268; x_wconf 79' lang='lat' dir='ltr'><strong>libore</strong></span> 
     </span>
     <span class='ocr_line' id='line_1_53' title="bbox 952 2303 1404 2390; baseline 0.011 -23"><span class='ocrx_word' id='word_1_167' title='bbox 952 2322 1024 2367; x_wconf 90' lang='lat' dir='ltr'><strong>cum</strong></span> <span class='ocrx_word' id='word_1_168' title='bbox 1047 2303 1143 2370; x_wconf 88' lang='lat' dir='ltr'><strong>laude</strong></span> <span class='ocrx_word' id='word_1_169' title='bbox 1166 2312 1199 2372; x_wconf 92' lang='lat' dir='ltr'><strong>te</strong></span> <span class='ocrx_word' id='word_1_170' title='bbox 1221 2314 1404 2390; x_wconf 88' lang='lat' dir='ltr'><strong>sequentes.</strong></span> 
     </span>
    </p>
   </div>
   <div class='ocr_carea' id='block_1_19' title="bbox 812 2477 1295 2668">
    <p class='ocr_par' dir='ltr' id='par_1_23' title="bbox 812 2477 1295 2668">
     <span class='ocr_line' id='line_1_54' title="bbox 907 2477 1264 2569; baseline 0.008 -24"><span class='ocrx_word' id='word_1_171' title='bbox 907 2477 997 2564; x_wconf 84' lang='lat' dir='ltr'><strong>Ave,</strong></span> <span class='ocrx_word' id='word_1_172' title='bbox 1022 2483 1076 2564; x_wconf 90' lang='lat' dir='ltr'><strong>qui</strong></span> <span class='ocrx_word' id='word_1_173' title='bbox 1099 2483 1264 2569; x_wconf 79' lang='lat' dir='ltr'><strong>discipulis</strong></span> 
     </span>
     <span class='ocr_line' id='line_1_55' title="bbox 812 2589 1295 2668; baseline 0.014 -20"><span class='ocrx_word' id='word_1_174' title='bbox 812 2603 854 2668; x_wconf 64' lang='grc' dir='ltr'><strong>»ιο</strong></span> <span class='ocrx_word' id='word_1_175' title='bbox 950 2589 1087 2651; x_wconf 86' lang='lat' dir='ltr'><strong>turbatis</strong></span> <span class='ocrx_word' id='word_1_176' title='bbox 1111 2607 1190 2654; x_wconf 90' lang='lat' dir='ltr'><strong>casu</strong></span> <span class='ocrx_word' id='word_1_177' title='bbox 1211 2591 1295 2656; x_wconf 88' lang='lat' dir='ltr'><strong>tristi</strong></span> 
     </span>
    </p>
   </div>
   <div class='ocr_carea' id='block_1_20' title="bbox 785 2689 1234 2758">
    <p class='ocr_par' dir='ltr' id='par_1_24' title="bbox 785 2689 1234 2758">
     <span class='ocr_line' id='line_1_56' title="bbox 785 2689 1234 2758; baseline 0.009 -6"><span class='ocrx_word' id='word_1_178' title='bbox 785 2751 786 2758; x_wconf 71' lang='grc'>,</span> <span class='ocrx_word' id='word_1_179' title='bbox 907 2689 1054 2754; x_wconf 88' lang='lat' dir='ltr'><strong>manibus</strong></span> <span class='ocrx_word' id='word_1_180' title='bbox 1077 2699 1110 2754; x_wconf 90' lang='lat' dir='ltr'><strong>et</strong></span> <span class='ocrx_word' id='word_1_181' title='bbox 1133 2693 1234 2758; x_wconf 86' lang='lat' dir='ltr'><strong>oculis</strong></span> 
     </span>
    </p>
   </div>
   <div class='ocr_carea' id='block_1_21' title="bbox 951 2793 1294 2864">
    <p class='ocr_par' dir='ltr' id='par_1_25' title="bbox 951 2793 1294 2864">
     <span class='ocr_line' id='line_1_57' title="bbox 951 2793 1294 2864; baseline 0.023 -8"><span class='ocrx_word' id='word_1_182' title='bbox 951 2793 1065 2860; x_wconf 90' lang='lat' dir='ltr'><strong>borum</strong></span> <span class='ocrx_word' id='word_1_183' title='bbox 1087 2803 1120 2860; x_wconf 90' lang='lat' dir='ltr'><strong>te</strong></span> <span class='ocrx_word' id='word_1_184' title='bbox 1143 2799 1294 2864; x_wconf 77' lang='lat' dir='ltr'><strong>obtudisti.</strong></span> 
     </span>
    </p>
   </div>
   <div class='ocr_carea' id='block_1_22' title="bbox 810 2972 1533 3376">
    <p class='ocr_par' dir='ltr' id='par_1_26' title="bbox 810 2972 1533 3376">
     <span class='ocr_line' id='line_1_58' title="bbox 907 2972 1303 3062; baseline 0.01 -21"><span class='ocrx_word' id='word_1_185' title='bbox 907 2972 999 3058; x_wconf 88' lang='lat' dir='ltr'><strong>Ave,</strong></span> <span class='ocrx_word' id='word_1_186' title='bbox 1023 2977 1077 3059; x_wconf 89' lang='lat' dir='ltr'><strong>qui</strong></span> <span class='ocrx_word' id='word_1_187' title='bbox 1098 2986 1174 3062; x_wconf 90' lang='lat' dir='ltr'><strong>post</strong></span> <span class='ocrx_word' id='word_1_188' title='bbox 1197 2981 1303 3045; x_wconf 88' lang='lat' dir='ltr'><strong>omnia</strong></span> 
     </span>
     <span class='ocr_line' id='line_1_59' title="bbox 950 3081 1533 3166; baseline 0.012 -20"><span class='ocrx_word' id='word_1_189' title='bbox 950 3081 1022 3146; x_wconf 86' lang='lat' dir='ltr'><strong>haec</strong></span> <span class='ocrx_word' id='word_1_190' title='bbox 1044 3083 1144 3146; x_wconf 89' lang='lat' dir='ltr'><strong>coelos</strong></span> <span class='ocrx_word' id='word_1_191' title='bbox 1168 3083 1353 3166; x_wconf 88' lang='lat' dir='ltr'><strong>ascendisti,</strong></span> <span class='ocrx_word' id='word_1_192' title='bbox 1490 3091 1533 3154; x_wconf 85' lang='lat'><strong>10</strong></span> 
     </span>
     <span class='ocr_line' id='line_1_60' title="bbox 810 3186 1312 3254; baseline 0 0"><span class='ocrx_word' id='word_1_193' title='bbox 810 3192 851 3254; x_wconf 71' lang='lat'><strong>⁷5</strong></span> <span class='ocrx_word' id='word_1_194' title='bbox 907 3186 1014 3251; x_wconf 91' lang='lat' dir='ltr'><strong>caruis</strong></span> <span class='ocrx_word' id='word_1_195' title='bbox 1037 3205 1108 3252; x_wconf 88' lang='lat' dir='ltr'><strong>oum</strong></span> <span class='ocrx_word' id='word_1_196' title='bbox 1131 3189 1312 3254; x_wconf 85' lang='lat' dir='ltr'><strong>substantia</strong></span> 
     </span>
     <span class='ocr_line' id='line_1_61' title="bbox 950 3293 1344 3376; baseline 0.01 -21"><span class='ocrx_word' id='word_1_197' title='bbox 950 3309 1022 3355; x_wconf 89' lang='lat' dir='ltr'><strong>eum</strong></span> <span class='ocrx_word' id='word_1_198' title='bbox 1043 3299 1138 3376; x_wconf 85' lang='lat' dir='ltr'><strong>patre</strong></span> <span class='ocrx_word' id='word_1_199' title='bbox 1161 3293 1344 3359; x_wconf 72' lang='lat' dir='ltr'><strong>comedisti.</strong></span> 
     </span>
    </p>
   </div>
   <div class='ocr_carea' id='block_1_23' title="bbox 907 3447 1377 3662">
    <p class='ocr_par' dir='ltr' id='par_1_27' title="bbox 907 3447 1377 3662">
     <span class='ocr_line' id='line_1_62' title="bbox 907 3447 1307 3555; baseline 0.01 -19"><span class='ocrx_word' id='word_1_200' title='bbox 907 3447 989 3555; x_wconf 89' lang='lat' dir='ltr'><strong>[Pro</strong></span> <span class='ocrx_word' id='word_1_201' title='bbox 1008 3473 1059 3537; x_wconf 89' lang='lat' dir='ltr'><strong>his</strong></span> <span class='ocrx_word' id='word_1_202' title='bbox 1081 3475 1139 3539; x_wconf 93' lang='lat' dir='ltr'><strong>tibi</strong></span> <span class='ocrx_word' id='word_1_203' title='bbox 1161 3479 1307 3544; x_wconf 88' lang='lat' dir='ltr'><strong>omnibus</strong></span> 
     </span>
     <span class='ocr_line' id='line_1_63' title="bbox 948 3576 1377 3662; baseline 0.014 -24"><span class='ocrx_word' id='word_1_204' title='bbox 948 3576 1012 3641; x_wconf 90' lang='lat' dir='ltr'><strong>siut</strong></span> <span class='ocrx_word' id='word_1_205' title='bbox 1034 3584 1145 3658; x_wconf 80' lang='lat' dir='ltr'><strong>grates</strong></span> <span class='ocrx_word' id='word_1_206' title='bbox 1168 3578 1201 3641; x_wconf 94' lang='lat' dir='ltr'><strong>iu</strong></span> <span class='ocrx_word' id='word_1_207' title='bbox 1223 3579 1286 3645; x_wconf 89' lang='lat' dir='ltr'><strong>hac</strong></span> <span class='ocrx_word' id='word_1_208' title='bbox 1308 3579 1377 3662; x_wconf 91' lang='lat' dir='ltr'><strong>die,</strong></span> 
     </span>
    </p>
   </div>
   <div class='ocr_carea' id='block_1_24' title="bbox 904 3667 1647 3764">
    <p class='ocr_par' dir='ltr' id='par_1_28' title="bbox 904 3667 1647 3764">
     <span class='ocr_line' id='line_1_64' title="bbox 904 3667 1647 3764; baseline 0.009 -20"><span class='ocrx_word' id='word_1_209' title='bbox 904 3700 1015 3744; x_wconf 87' lang='lat' dir='ltr'><strong>aurem</strong></span> <span class='ocrx_word' id='word_1_210' title='bbox 1037 3682 1117 3746; x_wconf 88' lang='lat' dir='ltr'><strong>meis</strong></span> <span class='ocrx_word' id='word_1_211' title='bbox 1139 3683 1291 3764; x_wconf 87' lang='lat' dir='ltr'><strong>precibus</strong></span> <span class='ocrx_word' id='word_1_212' title='bbox 1489 3687 1533 3750; x_wconf 75' lang='lat'><strong>&#39;15</strong></span> <span class='ocrx_word' id='word_1_213' title='bbox 1646 3667 1647 3670; x_wconf 9' lang='grc' dir='ltr'><strong>Ἴ</strong></span> 
     </span>
    </p>
   </div>
   <div class='ocr_carea' id='block_1_25' title="bbox 807 3785 1293 3871">
    <p class='ocr_par' dir='ltr' id='par_1_29' title="bbox 807 3785 1293 3871">
     <span class='ocr_line' id='line_1_65' title="bbox 807 3785 1293 3871; baseline 0 -19"><span class='ocrx_word' id='word_1_214' title='bbox 807 3789 850 3852; x_wconf 88' lang='grc'><strong>80</strong></span> <span class='ocrx_word' id='word_1_215' title='bbox 946 3785 1081 3868; x_wconf 86' lang='lat' dir='ltr'><strong>inclina,</strong></span> <span class='ocrx_word' id='word_1_216' title='bbox 1103 3785 1207 3852; x_wconf 81' lang='lat' dir='ltr'><strong>dhesu</strong></span> <span class='ocrx_word' id='word_1_217' title='bbox 1230 3789 1293 3871; x_wconf 91' lang='lat' dir='ltr'><strong>pie.</strong></span> 
     </span>
    </p>
   </div>
   <div class='ocr_carea' id='block_1_26' title="bbox 902 3951 1535 4334">
    <p class='ocr_par' dir='ltr' id='par_1_30' title="bbox 902 3951 1535 4334">
     <span class='ocr_line' id='line_1_66' title="bbox 902 3951 1211 4036; baseline 0 -18"><span class='ocrx_word' id='word_1_218' title='bbox 902 3951 1046 4019; x_wconf 88' lang='lat' dir='ltr'><strong>Benedic</strong></span> <span class='ocrx_word' id='word_1_219' title='bbox 1069 3953 1211 4036; x_wconf 88' lang='lat' dir='ltr'><strong>quotidie</strong></span> 
     </span>
     <span class='ocr_line' id='line_1_67' title="bbox 945 4056 1320 4141; baseline 0.003 -22"><span class='ocrx_word' id='word_1_220' title='bbox 945 4075 1013 4137; x_wconf 89' lang='lat' dir='ltr'><strong>me,</strong></span> <span class='ocrx_word' id='word_1_221' title='bbox 1036 4056 1205 4121; x_wconf 90' lang='lat' dir='ltr'><strong>benedicte</strong></span> <span class='ocrx_word' id='word_1_222' title='bbox 1225 4057 1320 4141; x_wconf 88' lang='lat' dir='ltr'><strong>deus,</strong></span> 
     </span>
     <span class='ocr_line' id='line_1_68' title="bbox 903 4159 1298 4244; baseline 0.003 -20"><span class='ocrx_word' id='word_1_223' title='bbox 903 4159 1001 4224; x_wconf 74' lang='lat' dir='ltr'><strong>et‘ad</strong></span> <span class='ocrx_word' id='word_1_224' title='bbox 1023 4179 1159 4244; x_wconf 81' lang='lat' dir='ltr'><strong>regnum</strong></span> <span class='ocrx_word' id='word_1_225' title='bbox 1182 4162 1298 4244; x_wconf 81' lang='lat' dir='ltr'><strong>gloriae</strong></span> 
     </span>
     <span class='ocr_line' id='line_1_69' title="bbox 946 4263 1535 4334; baseline 0.01 -7"><span class='ocrx_word' id='word_1_226' title='bbox 946 4263 1061 4329; x_wconf 90' lang='lat' dir='ltr'><strong>ductor</strong></span> <span class='ocrx_word' id='word_1_227' title='bbox 1084 4272 1119 4329; x_wconf 93' lang='lat' dir='ltr'><strong>tu</strong></span> <span class='ocrx_word' id='word_1_228' title='bbox 1140 4273 1213 4329; x_wconf 83' lang='lat' dir='ltr'><strong>esto</strong></span> <span class='ocrx_word' id='word_1_229' title='bbox 1234 4283 1334 4331; x_wconf 86' lang='lat' dir='ltr'><strong>meus.</strong></span> <span class='ocrx_word' id='word_1_230' title='bbox 1466 4270 1535 4334; x_wconf 68' lang='lat'>&#39;120</span> 
     </span>
    </p>
   </div>
   <div class='ocr_carea' id='block_1_27' title="bbox 806 4424 1535 4822">
    <p class='ocr_par' dir='ltr' id='par_1_31' title="bbox 806 4424 1535 4822">
     <span class='ocr_line' id='line_1_70' title="bbox 806 4424 1275 4502; baseline -0.002 -11"><span class='ocrx_word' id='word_1_231' title='bbox 806 4439 848 4502; x_wconf 82' lang='lat'><strong>85</strong></span> <span class='ocrx_word' id='word_1_232' title='bbox 903 4424 984 4492; x_wconf 78' lang='lat' dir='ltr'><strong>Cum</strong></span> <span class='ocrx_word' id='word_1_233' title='bbox 1006 4427 1039 4491; x_wconf 88' lang='lat' dir='ltr'><strong>in</strong></span> <span class='ocrx_word' id='word_1_234' title='bbox 1061 4426 1125 4491; x_wconf 89' lang='lat' dir='ltr'><strong>fine</strong></span> <span class='ocrx_word' id='word_1_235' title='bbox 1143 4429 1275 4492; x_wconf 83' lang='lat' dir='ltr'><strong>veneris</strong></span> 
     </span>
     <span class='ocr_line' id='line_1_71' title="bbox 945 4525 1338 4615; baseline 0 -21"><span class='ocrx_word' id='word_1_236' title='bbox 945 4547 1012 4594; x_wconf 90' lang='lat' dir='ltr'><strong>nou</strong></span> <span class='ocrx_word' id='word_1_237' title='bbox 1034 4527 1201 4595; x_wconf 87' lang='lat' dir='ltr'><strong>auditurus</strong></span> <span class='ocrx_word' id='word_1_238' title='bbox 1226 4525 1338 4615; x_wconf 80' lang='lat' dir='ltr'><strong>„ite“!</strong></span> 
     </span>
     <span class='ocr_line' id='line_1_72' title="bbox 902 4633 1335 4717; baseline -0.005 -19"><span class='ocrx_word' id='word_1_239' title='bbox 902 4633 963 4698; x_wconf 65' lang='lat' dir='ltr'><strong>dm</strong></span> <span class='ocrx_word' id='word_1_240' title='bbox 985 4651 1057 4698; x_wconf 90' lang='lat' dir='ltr'><strong>oum</strong></span> <span class='ocrx_word' id='word_1_241' title='bbox 1078 4633 1171 4696; x_wconf 88' lang='lat' dir='ltr'><strong>nimis</strong></span> <span class='ocrx_word' id='word_1_242' title='bbox 1192 4633 1335 4717; x_wconf 82' lang='lat' dir='ltr'><strong>miseris,</strong></span> 
     </span>
     <span class='ocr_line' id='line_1_73' title="bbox 945 4730 1535 4822; baseline 0.003 -20"><span class='ocrx_word' id='word_1_243' title='bbox 945 4734 1101 4802; x_wconf 71' lang='lat' dir='ltr'><strong>sedeunt</strong></span> <span class='ocrx_word' id='word_1_244' title='bbox 1122 4735 1186 4801; x_wconf 89' lang='lat' dir='ltr'><strong>tuis</strong></span> <span class='ocrx_word' id='word_1_245' title='bbox 1210 4730 1387 4822; x_wconf 60' lang='lat' dir='ltr'><strong>„veuitffl</strong></span> <span class='ocrx_word' id='word_1_246' title='bbox 1426 4755 1535 4804; x_wconf 85' lang='lat' dir='ltr'><strong>amen.</strong></span> 
     </span>
    </p>
   </div>
   <div class='ocr_carea' id='block_1_28' title="bbox 0 0 1666 5358">
    <p class='ocr_par' dir='ltr' id='par_1_32' title="bbox 0 0 1666 5358">
     <span class='ocr_line' id='line_1_74' title="bbox 0 0 1666 5358; baseline 0 3"><span class='ocrx_word' id='word_1_247' title='bbox 0 0 1666 5358; x_wconf 95' lang='lat' dir='ltr'><strong> </strong></span> 
     </span>
    </p>
   </div>
  </div>
 </body>
</html>
