3280 5358
198 253 243 342 'ss

877 461 1067 530 Pastoribus
1089 462 1154 530 hoc
1176 462 1300 528 nuntiat

879 563 1031 647 angelus,
1054 585 1138 649 grex
1160 564 1235 630 dum
1257 567 1415 649 excubat,

199 466 303 532 Terra
324 465 460 530 resultet
481 463 616 547 gaudio,

198 569 291 653 ponti
314 567 427 632 fervor
447 565 582 652 plaudat
602 564 681 650 polo

243 671 319 739 bino
341 669 472 735 micanti
493 668 625 734 lumine:

198 781 294 838 natus
316 794 399 858 puer
420 773 453 837 in
475 771 563 838 bivio

196 878 376 944 reclinatur
396 877 575 962 praesepio,

242 981 328 1046 trino
350 981 480 1045 volente
501 979 639 1044 numine.

785 771 825 836 10
876 769 1067 856 hymnizans
1088 792 1204 858 paoem
1226 772 1348 858 populo

876 871 934 940 dat
956 875 1052 940 terris
1076 875 1149 942 celi
1171 875 1284 942 concio

920 980 955 1044 in
976 978 1080 1045 Rama
1102 981 1165 1046 deo
1188 981 1302 1063 gloria.

287 1167 335 1224 tls.
352 1183 388 1222 au
405 1165 584 1236 Strasshurg.
601 1164 631 1220 lh
649 1163 692 1216 60.
710 1161 752 1218 Bl.
770 1163 811 1218 91.
829 1175 880 1218 aus
898 1162 960 1220 dom
977 1166 1012 1218 15
1028 1165 1126 1222 Jahrh
1143 1166 1194 1222 nuit
1211 1165 1274 1220 dam
1292 1162 1419 1222 llo'matr:
1439 1177 1507 1224 οτι·

196 1253 287 1310 titana
305 1253 371 1310 data
389 1251 548 1310 scolaribus
566 1252 664 1310 domus
681 1249 895 1308 lohannitarum
911 1253 1084 1325 Argentinm
1102 1272 1177 1312 anno
1195 1257 1273 1311 14⁰4.

224 1463 245 1534 s
286 1379 423 1448 squam,
448 1377 509 1446 llo,
532 1375 649 1431 welles
667 1375 718 1431 der
736 1373 959 1432 Schneiherauf
972 1381 1011 1434 vis
1026 1377 1133 1454 bereg,
1166 1378 1227 1434 dies
1255 1378 1358 1450 gehtrt
1381 1377 1451 1434 aber
1467 1393 1503 1434 zu

195 1479 226 1518 sn
240 1466 306 1519 ems.

288 1584 321 1638 V.
338 1585 363 1637 2.
382 1578 397 1638 ὁ
416 1580 498 1656 λόγος
516 1584 685 1657 καιτοτομῶτ
703 1583 753 1649 τὰς
769 1582 874 1658 φύσεις.
905 1587 968 1642 Jun.
986 1589 1012 1642 d.

289 1671 321 1726 V.
339 1673 364 1726 2
382 1673 406 1726 5.
425 1673 449 1726 6.
467 1671 531 1726 sind
547 1673 637 1742 Welt,
654 1673 737 1730 noue
756 1674 812 1730 und
828 1674 948 1730 llimmel
966 1675 1108 1746 orwihnt5
1125 1673 1159 1732 V.
1176 1677 1200 1729 7.
1217 1674 1242 1729 8.
1260 1672 1342 1744 Erde,
1360 1657 1437 1732 hlee'r
1446 1672 1504 1730 und

199 1759 321 1816 nimmel
338 1759 382 1814 als
399 1759 527 1814 machina
544 1760 643 1815 mundi

287 1847 320 1902 V.
338 1849 362 1901 5.
389 1845 537 1922 ὀπιλαβέτο
555 1846 658 1926 τρόμος
676 1869 711 1904 τοι
728 1845 923 1918 καταχθόνιοι,
950 1844 1076 1913 hostico
1091 1844 1109 1920 η’
1126 1870 1176 1923 γη,
1196 1843 1278 1904 ἄκουε
1295 1842 1409 1924 οὐρανέ,
1428 1844 1468 1902 ὅτι
1487 1839 1504 1904 o‘

200 1933 272 1998 θεὸς
289 1933 393 2010 σαρκὸς
410 1937 501 1990 εἰσέδο
518 1935 626 1992 πλάσιν.
659 1937 722 1992 Dec.
740 1939 781 1990 25.

291 2023 324 2077 V.
343 2025 368 2076 6.
386 2026 410 2077 7.
438 2022 562 2098 Χριστὸν
580 2026 716 2092 τεχθέντα
734 2021 811 2096 ὕμνει
830 2022 985 2090 δοξάζουσα
1004 2021 1082 2079 πᾶσα
1100 2017 1117 2093 ἦ
1135 2026 1229 2084 κτίσις.
1252 2020 1317 2075 Dec.
1333 2021 1375 2074 23.

290 2108 322 2162 V.
342 2110 383 2163 10.
409 2108 522 2162 bivium,
549 2111 606 2164 Der
623 2109 810 2181 Scheideweg
829 2110 878 2164 des
897 2109 973 2164 alten
990 2110 1046 2164 und
1064 2126 1153 2164 neuen
1171 2110 1354 2174 Testamenta,
1373 2105 1506 2177 uuglaich

199 2193 263 2247 eine
281 2195 443 2265 Beziehung
461 2193 514 2249 anf
528 2196 573 2249 dic
590 2197 777 2274 menschlichc
794 2198 997 2269 Abstammung
1015 2185 1120 2254 Christi
1137 2214 1194 2251 von
1211 2195 1285 2251 Juda
1302 2194 1358 2249 und
1372 2195 1503 2264 Thamar,

200 2281 310 2336 welche
329 2283 373 2336 die
387 2282 537 2355 Zwillinge
551 2285 658 2367 Pharcs
677 2285 732 2340 und
745 2285 819 2340 Zara
836 2282 889 2339 auf
903 2285 964 2338 dem
982 2285 1168 2356 Scheideweg
1185 2279 1312 2354 empfing.
1331 2282 1446 2344 Gen38.
1456 2283 1500 2338 lh.

199 2372 296 2430 matth.
316 2373 340 2440 1,
359 2372 383 2424 3.

289 2459 330 2511 13.
357 2457 488 2528 depastio.
513 2460 721 2529 serm.190,3.
757 2459 884 2514 Christus
909 2463 990 2512 natus
1014 2463 1043 2513 et
1066 2457 1159 2513 infans
1183 2463 1212 2513 et
1229 2459 1345 2512 verbum
1363 2461 1419 2512 est:
1451 2473 1506 2527 per

200 2562 312 2601 carnem
338 2550 431 2615 tacet,
470 2561 523 2616 per
549 2547 667 2618 angelos
695 2545 792 2616 docet,
822 2545 966 2600 nuntiatur
998 2546 1160 2616 pastoribus
1192 2545 1323 2616 princeps
1350 2551 1506 2616 pastorque

199 2641 354 2706 pastorum.

372 2955 433 3029 47.
467 2955 526 3026 De
552 2956 729 3028 nativitate
756 2952 886 3026 domini
913 2955 1025 3024 nostri
1051 2952 1168 3026 «ihesu
1197 2950 1339 3026 Christi.

200 3141 279 3208 Dies
303 3150 354 3206 est
374 3141 497 3206 laetitiae

245 3247 278 3309 in
301 3253 372 3308 ortu
394 3245 515 3326 regali,

200 3372 276 3416 nam
298 3349 458 3433 processit
479 3349 576 3414 hodic

245 3461 360 3516 ventre
382 3454 534 3535 virginali

199 3577 284 3642 puer
308 3558 517 3640 admirabiIiS,

199 3663 293 3726 vultu
316 3661 515 3728 delectabilis

245 3766 278 3828 in
300 3765 515 3848 humanitate,

202 3869 257 3950 qui
272 3868 509 3935 ¹inaestimabilis

201 3978 254 4034 est
276 3979 309 4034 ct
330 3971 501 4035 ineffabilis

245 4075 279 4138 in
302 4074 476 4138 divinitate.

199 4265 310 4331 Mater
333 4265 406 4327 haec
428 4269 478 4325 est
500 4260 581 4344 filia,

246 4375 342 4452 pater
365 4366 418 4430 hic
441 4373 490 4428 est
512 4372 624 4448 natus3

203 4472 275 4555 quis
299 4469 421 4533 audivit
442 4469 547 4532 talia?

248 4573 328 4637 deus
351 4573 445 4638 homo
469 4573 572 4638 factus

200 4693 319 4740 servus
344 4684 394 4741 est
417 4684 450 4742 et
472 4676 633 4760 dominun

882 3145 933 3226 qui
957 3145 1076 3226 ubique
1099 3143 1241 3208 cominus

924 3248 1028 3311 nescit
1052 3245 1268 3330 apprehendi,

880 3367 1028 3432 praesens
1051 3357 1101 3412 est
1125 3356 1158 3412 et
1180 3347 1311 3410 eminus.

881 3460 994 3536 stupor
1016 3453 1077 3515 iste
1099 3451 1245 3534 geminus

807 3559 828 3619 5
888 3605 890 3610 .
922 3553 1034 3636 nequit
1056 3551 1295 3637 comprehendi.
1464 3553 1508 3616 20

881 3746 961 3810 0rt0
984 3745 1037 3808 dei
1059 3744 1126 3807 filio

923 3849 1050 3930 virgine
1073 3845 1114 3909 de
1136 3866 1234 3930 pura,

880 3963 914 4020 ut
936 3973 1013 4018 rosa
1036 3953 1077 4018 de
1099 3953 1182 4035 lilio,

788 4075 827 4138 10
923 4059 1080 4142 stupescit
1101 4065 1232 4140 natura,

881 4161 967 4245 quod
990 4162 1077 4244 parit
1095 4160 1273 4244 juvencula
1465 4163 1507 4225 25

878 4274 989 4332 natum
1012 4265 1232 4329 ante'saecula

924 4374 1105 4432 creatorem
1127 4384 1250 4445 rerum,

881 4471 969 4555 quod
990 4474 1072 4536 uber
1094 4471 1257 4536 munditiae

879 4575 942 4640 lac·
956 4571 1011 4637 dat
1034 4573 1191 4658 pueritiae,

789 4677 828 4738 15
922 4678 1054 4762 antiquo
1078 4677 1209 4744 dierum.

921 669 1044 735 celebri
1065 687 1137 736 cum
1158 669 1329 754 memoria,
1461 669 1503 734 ts
1621 699 1622 744 3
