3324 5358
144 503 242 586 Jesu,
265 521 403 589 sponsus
426 504 606 588 gloriosum,

144 609 242 676 homo
264 615 360 673 natus
382 609 551 692 speciosus

187 731 259 796 prae
281 710 355 775 filiis
377 711 555 795 hominum,

145 833 256 897 quaere
279 833 409 880 servum
430 822 538 900 tuum,
560 833 643 882 vere

145 916 296 982 desidero
319 923 353 982 te
373 916 489 982 videre

188 1018 337 1084 veritatis
360 1017 532 1086 dominnm.

145 1231 242 1317 Jesu,
264 1253 344 1300 vere
366 1233 461 1299 iavus
483 1233 607 1317 mellis,

10 1409 12 1436 ,
146 1355 240 1419 quem
263 1354 374 1402 ammo
393 1343 476 1420 ‘potu
498 1336 585 1402 tellis

188 1437 324 1504 Judaeus
346 1438 502 1519 inebriat,

145 1558 237 1608 amor
258 1548 324 1606 tuae
346 1541 491 1608 caritatis

144 1643 179 1708 in
201 1650 334 1708 aeternae
357 1644 514 1710 claritatis

188 1765 294 1830 reguo
315 1767 367 1812 me
389 1749 555 1834 suscipiat.

144 1958 227 2028 Jesu
249 1979 382 2026 summae
403 1963 573 2048 bonitatis,

145 2081 225 2127 erue
247 2081 299 2126 me
322 2062 364 2132 do
385 2065 532 2144 peccatis

190 2172 224 2230 et
246 2166 354 2231 carnis
377 2167 555 2248 ergastulo,

8 2271 9 2320 l
144 2269 242 2352 Jesu,
265 2268 357 2353 cujus
382 2287 463 2336 onus
485 2270 578 2354 leve,

146 2373 201 2456 qui
222 2379 393 2456 peccatum
416 2372 508 2440 deles
529 2372 614 2442 Evae

188 2477 295 2546 aucis
316 2477 350 2542 in
371 2477 529 2561 patibulo.
565 2529 569 2534 .

143 2687 240 2772 Jesu,
263 2693 299 2754 tu
320 2707 372 2754 mo
395 2688 582 2774 consolare,

145 2791 261 2858 coelum
284 2793 338 2874 qui
359 2793 450 2875 regis
469 2801 503 2861 et
524 2812 615 2862 mare

187 2895 282 2960 simul
304 2902 338 2964 ct
358 2897 545 2981 terrestria,

144 3015 196 3061 me
217 3003 373 3081 protege,
395 3018 438 3064 nc
459 3018 512 3064 me
534 2999 630 3067 fallat

145 3098 248 3168 hereti
272 3100 375 3166 malus
398 3108 497 3183 atque
520 3104 642 3190 calcat,

188 3204 249 3267 sub
272 3208 328 3274 tus
345 3203 501 3272 custodia.

145 3412 242 3499 Jesu,
264 3413 371 3481 David
392 3419 505 3503 proles
527 3420 599 3506 pia,

144 3518 247 3582 virtus
268 3520 371 3602 patris
393 3529 427 3584 ot
448 3522 581 3606 sophia,

188 3622 243 3703 qui
266 3621 365 3688 doces
387 3625 493 3708 utilia,

143 3731 209 3796 tuae
232 3735 358 3795 cunctae
380 3736 541 3794 creaturae
610 3719 613 3724 ’
681 3721 683 3726 ’

143 3837 178 3894 te
200 3831 394 3914 collaudant,
417 3842 534 3904 cuncta
551 3832 640 3919 jure,

189 3933 321 4018 coelum,
343 3942 448 4019 terra,
470 3938 582 4007 maria.

142 4154 240 4241 Jesu,
261 4178 345 4226 mem
366 4179 444 4246 spes
466 4164 594 4250 eduis,

140 4258 176 4322 in
197 4266 344 4344 tempore
365 4266 541 4334 senectutis

185 4366 254 4435 noli
275 4387 327 4440 me
348 4369 532 4455 projicere,

141 4477 176 4535 te
196 4471 315 4538 invoco
337 4474 433 4544 deum
454 4495 575 4561 meum,

142 4573 264 4659 adjuva
285 4597 353 4661 me,
382 4580 477 4648 solve
498 4601 591 4650 reum

184 4677 228 4744 de.
247 4682 375 4766 peccati
397 4684 554 4770 pondere.

707 505 774 572 265
825 503 903 572 Vita
925 525 998 572 mea
1020 504 1053 570 in
1076 505 1191 572 dolore

826 607 938 674 deficit
960 616 994 674 et
1015 627 1074 674 cor
1096 628 1209 674 errore
1216 655 1225 692 ,

870 711 993 776 animus
1012 712 1198 794 gemitibus:

825 813 923 898 Jesn,
946 814 1039 880 salva
1060 835 1112 878 ma
1134 816 1312 901 turbatum,

825 917 959 984 laetifica
980 918 1162 984 desolatum

707 1020 772 1086 2⁷0
868 1021 998 1106 gaudiis
1021 1023 1216 1089 colonobus

826 1233 924 1318 Jcsu,
947 1235 1039 1320 pacis
1062 1243 1306 1320 augmemator,

826 1345 862 1404 tu
885 1337 1041 1404 coelorum
1058 1337 1238 1422 habitator,

870 1441 986 1506 mentis
1008 1442 1088 1525 iuga
1109 1445 1278 1526 tenebrae,

827 1561 886 1613 cor
907 1545 1033 1615 illustra
1054 1545 1277 1629 tenebrosum,

825 1652 947 1712 motum
968 1647 1056 1730 pelle
1078 1648 1229 1714 vitiosum

870 1755 904 1814 et
926 1748 1033 1814 caruis
1055 1749 1239 1816 illecebras.

706 1645 771 1712 2Ἰό

826 1961 854 2030 0
877 1962 1017 2054 dolentis
1039 1962 1259 2046 confortator,

826 2083 848 2134 o
869 2067 998 2151 peccati
1019 2067 1201 2150 relaxator,

868 2167 965 2248 Jesu,
986 2167 1060 2232 ions
1078 2167 1258 2234 dulcedinis

827 2274 925 2349 atque
947 2287 1065 2336 corona
1086 2275 1253 2350 cirpmcm,

827 2375 945 2438 cleron
967 2371 1021 2437 loc
1041 2374 1245 2449 amatium,

871 2471 914 2538 da
935 2492 1072 2556 regnum
1095 2471 1303 2541 celsitudinis.

706 2271 773 2338 280

825 2683 853 2754 0
874 2685 993 2754 infirmi
1014 2685 1224 2772 medicamen,

825 2806 847 2856 ο
868 2790 1010 2874 lugentis
1032 2791 1256 2874 consolamen,

707 2897 772 2966 285
869 2893 966 2977 Jcsu,
989 2894 1040 2958 sol
1056 2893 1213 2976 justitiae,

824 3015 926 3082 parce
943 2997 1021 3062 mihi
1042 2996 1253 3080 supplicanti,

823 3102 902 3168 leva
922 3101 1064 3184 lapsum,
1087 3099 1131 3164 da
1151 3099 1283 3183 roganti

867 3204 975 3272 locum
996 3201 1215 3284 indulgentia.

824 3417 852 3485 0
874 3420 1005 3490 intactae
1027 3417 1075 3483 fili
1095 3418 1224 3501 matris,

706 3523 776 3594 290
823 3521 920 3605 Jesu,
943 3522 1047 3590 virtus
1069 3519 1122 3586 dei
1144 3520 1263 3603 patris,

866 3645 928 3690 rex
950 3632 1083 3693 aeternn
1105 3624 1238 3706 gloria,

762 3724 766 3731 ’
823 3721 1012 3793 refovens
1035 3732 1298 3809 conquassatum,

821 3833 1001 3915 dirigens
1025 3833 1189 3896 deviatum

865 3936 900 4000 in
921 3935 985 4000 hac
1006 3935 1093 4010 valle
1115 3931 1264 3998 miseriae
1386 3931 1450 3996 330

704 4165 768 4234 295
821 4153 925 4237 Audi,
947 4152 1044 4236 Jesu,
1066 4171 1118 4218 me
1140 4153 1332 4220 clamantem

821 4267 857 4326 et
878 4259 989 4345 aspice
1010 4259 1232 4333 lacrimantem

864 4371 1074 4448 peccatorem
1095 4365 1262 4445 nnmerum,

821 4469 877 4552 qui
899 4469 984 4536 hunc
1005 4469 1157 4542 nundum
1178 4465 1351 4553 respexisti

820 4578 856 4637 ct
877 4572 990 4636 venire
1012 4573 1144 4646 voluisti
1379 4567 1447 4634 335

701 4687 767 4756 300
863 4674 1000 4758 virginis
1020 4676 1054 4742 in
1075 4684 1209 4748 uterum
