3312 5366
429 737 432 744 ’
621 733 704 808 166.
737 732 820 806 Alia
844 735 1087 832 (troparium).

201 940 231 1004 1.
253 935 348 1004 Laeta
371 944 478 1004 mento
612 976 615 992 ·
929 923 1046 1004 eduxit

254 1061 406 1108 ornamus
430 1042 491 1111 deo
513 1048 642 1122 nostro,
929 1040 1116 1106 fornacibus
1138 1041 1264 1123 ignitis:

191 1293 193 1298 Ι
252 1203 312 1282 Qui
335 1203 495 1273 defeotam
879 1197 908 1260 3.
932 1195 1056 1282 Quique
1079 1201 1221 1284 inomni
1295 1171 1300 1189 ¹

136 1321 144 1332 ·
249 1306 394 1390 peooatis
417 1325 545 1390 semper
567 1314 667 1372 novat
930 1304 1138 1368 tribulatione
1247 1353 1257 1364 .

252 1411 438 1494 eoolesiam,
720 1445 724 1458 ·
802 1415 822 1476 5
929 1424 1002 1470 eam
1024 1408 1170 1490 exaudit,

928 1525 1066 1612 Insuper
1089 1527 1215 1594 ooelesti
1440 1617 1444 1624 ²
1463 1531 1503 1594 15

199 1648 229 1711 2.
252 1643 295 1710 Et
317 1666 389 1710 eam
410 1647 599 1732 pallidulum
928 1633 1029 1696 'lulli‘
1049 1653 1152 1720 pane,

251 1752 292 1816 de
315 1755 408 1818 radio

313 1855 320 1868 ,
397 1857 403 1870 ,
534 1857 541 1871 ‚
876 1787 907 1850 d.
929 1783 972 1850 Et
993 1787 1113 1852 cultum
1135 1788 1232 1854 docet
1253 1750 1360 1875 suum,

250 1875 322 1919 verr
345 1857 422 1919 solas
444 1857 614 1940 illummat,

806 1983 808 1990 Ι
928 1906 1011 1984 Quin
1034 1908 1075 1972 de
1097 1918 1193 1994 petra
1214 1911 1313 1990 melle
1379 1967 1385 1988 ,

247 2001 289 2071 Et
313 2012 411 2070 terrae
435 2005 477 2070 de
499 2006 653 2072 Merraim
774 2083 778 2098 ,
928 2010 1012 2077 dulei
1036 2033 1107 2080 eam
1131 2015 1293 2102 adimplet

262 2177 265 2185 Δ
286 2189 345 2242 Aue
364 2189 513 2246 ders'elbeu
530 2189 578 2246 lis.

284 2310 316 2366 V.
335 2314 360 2370 3.
378 2309 524 2394 desertam
551 2315 568 2388 b
587 2312 758 2392 pallidulum.
793 2311 883 2370 Nemo
901 2317 998 2392 potest
1015 2320 1080 2391 ante
1094 2317 1169 2374 diem
1178 2319 1280 2392 judieii
1293 2321 1330 2378 do
1343 2323 1504 2396 hominibus

196 2397 337 2542 iulii&
362 2401 387 2454 ri
407 2402 469 2474 jam
492 2401 625 2458 mundata
643 2405 687 2456 oet
704 2399 840 2471 eeclesia,
865 2399 932 2471 quid
949 2401 1061 2458 domiuo
1080 2407 1280 2464 reservamus?
1315 2411 1422 2470 Hieron.
1439 2411 1508 2468 adu.

286 2591 317 2646 V.
338 2574 379 2648 13.
403 2591 558 2649 tribulatio.
582 2589 729 2678 vitabaee
742 2593 884 2648 nostruin
897 2587 987 2650 medio
1001 2594 1173 2670 insidiarum,
1190 2599 1220 2655 in
1234 2557 1324 2657 medio
1337 2603 1505 2678 preeliorum

197 2679 248 2733 est.
275 2679 353 2735 deon.
372 2695 405 2735 m.
424 2698 504 2736 serm
523 2681 566 2751 39,
585 2683 610 2736 3.

286 2783 318 2838 V.
338 2787 380 2838 17.
409 2785 519 2840 cultum.
550 2779 605 2842 Ubi
622 2785 771 2856 religionis
782 2771 901 2842 ¹cultura
918 2769 1082 2861 negligitur,
1101 2757 1199 2854 vitium
1217 2797 1326 2850 nature
1340 2759 1505 2854 renovatur.

201 2871 332 2927 Valeriani
350 2872 444 2926 homil.
464 2875 497 2924 17
516 2888 560 2942 ap.
578 2873 706 2935 sirmond.
725 2891 788 2946 opp.
808 2877 832 2944 1,
851 2875 912 2942 360,

328 3210 409 3283 167.
443 3211 505 3286 Ad
531 3239 695 3312 vesperas
722 3241 742 3286 a
768 3213 900 3318 paseha
926 3239 1039 3314 usque
1065 3213 1111 3286 ad
1137 3199 1387 3308 ascensionem.

198 3413 260 3482 Hie
283 3423 333 3480 est
355 3416 424 3481 dies
446 3427 545 3484 verus
568 3419 621 3483 tei
735 3415 737 3422 ’
776 3447 779 3454 ·
877 3417 967 3502 (lpus
991 3425 1122 3502 stupent
1145 3426 1178 3483 et
1199 3420 1322 3504 augeli,

198 3526 312 3583 sancto
335 3539 469 3584 serenus
491 3522 618 3604 lumine,
876 3541 1006 3605 poenam
1023 3521 1172 3586 videntes
1196 3524 1356 3608 eorporis,
1413 3577 1417 3585 .

199 3641 262 3706 quo
286 3623 377 3690 diluit
399 3627 537 3708 sanguia
550 3642 645 3690 eaeor
767 3653 770 3664 ·
806 3671 810 3684 .
878 3623 1072 3708 Christoque
1096 3625 1316 3694 adhaerentem
1337 3649 1429 3694 reum
1462 3631 1503 3694 15

198 3731 359 3811 probrosa
381 3729 490 3794 muudi
513 3729 660 3813 erimina,
688 3761 691 3766 ·
732 3727 735 3734 '
877 3729 976 3794 vitam
996 3731 1126 3796 beatam
1149 3743 1296 3814 ramere.

199 3914 314 3981 Fidem
336 3919 511 3991 refundens
532 3918 668 4002 perfidis
711 3971 713 3978 ,
761 3963 763 3970 ,
803 3923 823 3984 5
876 3919 1070 4005 Mysterium
1092 3920 1255 4004 mirabile,

199 4037 372 4101 caecosque
394 4022 466 4084 visu
488 4021 683 4088 illuminans:
876 4033 912 4090 ut
935 4026 1045 4092 abluat
1067 4023 1176 4090 mundi
1196 4027 1298 4108 luem,

200 4141 294 4204 quem
316 4139 382 4185 nou
404 4125 499 4205 gravi
521 4128 627 4193 solvet
649 4135 736 4194 metu
875 4137 1014 4213 peooata
1036 4125 1120 4194 tollit
1142 4131 1290 4212 omnium,

199 4225 334 4290 latronis
358 4229 542 4295 absolutio?
876 4233 984 4298 earnis
1006 4232 1086 4298 vitia
1106 4231 1264 4312 mundans
1287 4249 1374 4298 earo,
1411 4267 1414 4272 ·
1461 4231 1506 4296 20

200 4416 263 4496 Qui
285 4421 419 4506 praemio
441 4421 567 4484 mutans
591 4440 721 4488 oruoem
877 4418 960 4504 Quid
982 4419 1046 4488 hoo
1067 4429 1176 4508 potest
1198 4421 1372 4506 sublimine,
1395 4431 1397 4436 '

198 4520 313 4588 Jesum
334 4525 428 4591 brevi
450 4525 566 4606 quaerit
584 4524 650 4589 fide
784 4530 824 4596 1o
877 4535 912 4595 ut
934 4527 1031 4613 oidpa
1055 4534 1180 4612 quaerat
1202 4527 1360 4610 gratiam,

193 4624 369 4710 l¹¹³l⁰⁵lue
390 4627 515 4710 PPaeViO
539 4626 645 4708 gradu
877 4644 1060 4720 metumque
1081 4637 1190 4703 solvat
1213 4636 1351 4718 oaritas,

200 4731 363 4814 praevenit
383 4731 416 4801 in
433 4753 571 4818 regnum
593 4731 655 4802 dei.
878 4737 1059 4823 reddatque
1080 4755 1168 4809 mors
1190 4739 1290 4806 vitam
1311 4735 1462 4805 novam?
