3280 5358
211 274 258 342 44

299 458 330 512 lu
347 457 370 512 B
389 454 489 530 folgen
507 453 551 512 die
570 455 712 526 Strophen
730 469 765 508 so
782 449 836 514 aui
845 451 979 506 einander
993 453 1017 520 1,
1031 453 1058 520 3,
1072 453 1096 506 5.
1113 452 1139 506 4.
1157 451 1214 506 ulle
1232 451 1339 508 andern
1356 448 1458 508 fehlen.
1489 453 1523 510 ln

211 545 280 614 Ρ1,
299 547 325 614 ’7,
343 547 369 613 3,
387 549 413 614 ²,
432 546 457 613 6,
476 545 501 612 5,
519 545 545 612 4,
558 544 588 610 B,
607 544 632 597 9.
667 539 783 608 111111,
801 542 827 608 2,
846 542 872 608 3,
890 539 916 608 6,
934 541 959 606 5,
978 541 1004 608 4,
1022 542 1046 592 7.
1073 538 1124 592 Die
1143 538 1214 592 awei
1232 539 1336 594 letaten
1354 536 1455 594 fehlen.
1488 541 1522 595 ln
1624 541 1625 548 ’

212 633 309 688 diesen
326 631 460 704 verlangt
479 632 529 686 der
546 630 624 686 Beim
641 645 667 683 v.
681 629 716 682 73
729 632 848 682 matrem
866 631 949 697 atque
962 623 1058 695 filium,
1076 625 1133 680 und
1146 641 1171 680 v.
1186 626 1227 680 81.
1244 625 1371 681 mmrlrus
1385 627 1522 698 propriis.

211 721 271 776 Bas
288 719 356 774 hied
373 719 412 774 ist
429 719 620 774 iherarbeitet
633 716 688 771 und
703 715 849 770 erweitert
861 716 987 783 worden,
1007 731 1037 770 es
1051 713 1114 770 sind
1127 713 1197 768 aber
1209 713 1288 767 mehr
1301 711 1520 769 Bandschristen
1624 741 1625 754 .

211 807 330 878 nithig,
361 822 408 862 um
431 807 475 860 die
499 803 715 876 ursprdngliche
739 801 849 856 Gestalt
866 801 974 856 wieder
992 819 1026 856 uu
1045 801 1204 870 erkennen,
1239 801 1310 856 deun
1328 801 1444 855 beiden
1461 802 1522 857 Ab·

212 893 339 952 driicken
356 893 442 948 weiss
459 910 523 948 man
541 893 591 948 das
608 891 691 948 Alter
708 889 766 944 und
783 888 828 944 die
845 888 1071 945 Beschail'enheit
1087 888 1165 944 ihrer
1184 888 1301 957 Quellen
1319 889 1403 944 nicht

300 1013 333 1067 V.
350 1015 392 1068 30.
419 1009 540 1083 νηπιόζει
558 1010 593 1066 δι’
612 1012 661 1084 ἐμὲ
679 1007 695 1068 ό
713 1009 832 1074 παλαιός
849 1008 903 1066 τῶν
922 1006 1037 1084 ἡμερῶν.
1064 1010 1145 1066 Febr.
1163 1013 1188 1064 2.

301 1101 334 1155 V.
352 1104 395 1156 41.
421 1099 538 1168 vitrum,
567 1100 654 1154 daher
672 1099 762 1154 heisat
778 1098 869 1154 Maria
887 1095 1012 1152 fenestra
1029 1097 1086 1152 und
1103 1097 1223 1152 vitreum
1241 1097 1396 1154 castellum.

303 1188 335 1243 v.
353 1190 477 1243 ιιι-48.
508 1173 600 1244 uaria
616 1184 729 1242 saunier
747 1191 830 1256 atque
847 1185 1003 1240 muniunt
1022 1182 1193 1248 fecunditate
1212 1185 1323 1253 annue,
1354 1185 1520 1258 integritate
1624 1173 1625 1260 ᾗ

212 1291 271 1330 non
288 1276 407 1346 perditi.
434 1277 489 1332 hoc
514 1280 571 1330 tam
589 1275 696 1346 grande
714 1273 876 1330 miraculum
893 1272 1000 1327 malunt
1017 1272 1061 1326 illi
1077 1269 1171 1327 fictum
1189 1278 1288 1344 putare
1307 1291 1389 1346 quam
1407 1271 1521 1330 factum.

212 1361 255 1416 ita
272 1362 301 1415 in
320 1362 451 1431 Christe,
477 1361 589 1415 homine
608 1367 636 1416 et
655 1361 725 1432 deo,
753 1361 868 1416 credere
887 1359 1017 1432 quoniam
1034 1376 1091 1414 non
1108 1366 1227 1430 possunt
1244 1361 1382 1432 humana,
1397 1367 1522 1416 centem·

212 1454 296 1519 nunt,
332 1450 463 1520 quoniam
489 1465 546 1504 non
574 1455 694 1522 possunt
721 1455 899 1505 contemnere
926 1448 1039 1519 divina,
1069 1461 1126 1504 non
1153 1445 1278 1502 eredunt.
1331 1447 1360 1503 S.
1386 1447 1521 1518 Αοριοὶὶοι·

214 1537 377 1606 serm184,
397 1539 420 1589 1.

302 1623 335 1678 V.
356 1626 388 1677 51
407 1621 455 1696 flg.
482 1623 565 1678 Biese
593 1623 814 1696 Gegenstellung
842 1625 942 1680 driickt
966 1626 1071 1680 Coenus
1091 1623 1186 1694 theog.
1205 1627 1239 1678 st.
1256 1623 1291 1677 26
1315 1640 1348 1677 so
1368 1639 1432 1678 aus:
1461 1619 1517 1700 όρῶ

212 1706 350 1785 οὐρανόν,
369 1709 400 1766 τὸ
419 1708 564 1782 σπήλαιον,
584 1709 690 1786 θρόνον
707 1711 868 1788 χερουβικόν
886 1711 932 1785 τὴν
949 1716 1106 1789 παρθένον,
1125 1710 1173 1783 τὴν
1191 1709 1293 1782 φάτνην
1310 1709 1431 1787 χόριον,
1450 1703 1519 1785 trel

213 1794 362 1868 όνεκλίνθη
377 1794 393 1854 ό
411 1795 552 1874 ἆχώρηῐος
570 1798 700 1875 Χριστός.

306 1883 339 1939 V.
357 1887 398 1938 53.
416 1887 457 1939 54.
485 1885 513 1942 όν
531 1884 570 1957 τῷ
589 1887 711 1958 σπηλαίῳ
731 1883 911 1962 παρῴκησος,
930 1881 946 1942 ό
965 1882 1081 1961 οὐρανόν
1099 1885 1146 1942 τὸν
1162 1884 1268 1961 θρόνον
1285 1889 1362 1956 ἔχων.
1393 1889 1457 1942 nec.
1475 1889 1519 1942 26.

303 1972 335 2027 V.
354 1975 397 2028 61.
415 1974 486 2040 Quid
505 1976 651 2046 estquod
669 1975 814 2030 nascituro
832 1975 944 2030 domino
962 1976 1078 2030 mundns
1096 1975 1272 2044 describitur,
1290 1975 1345 2030 nisi
1361 1975 1424 2043 hoc,
1443 1975 1519 2046 qnod

215 2064 316 2131 aperte
334 2066 518 2130 monstratur,
552 2063 617 2132 quia
633 2062 684 2116 ille
702 2063 834 2118 veniebat
851 2063 880 2116 in
898 2079 996 2132 carne,
1023 2063 1071 2133 qui
1089 2063 1195 2118 electos
1212 2079 1280 2117 suos
1298 2061 1472 2116 adscriberet
1489 2062 1519 2116 in

213 2147 394 2203 aeternitate?
429 2149 537 2220 Greqcr.
555 2151 590 2226 M.
608 2151 680 2204 horn.
698 2150 727 2206 in
745 2167 787 2204 ev.
807 2153 831 2219 1,
850 2151 875 2220 8,
895 2153 917 2204 1.
954 2152 1065 2206 Cosmus.
1083 2152 1182 2206 Hieros.
1207 2150 1301 2221 theog.
1319 2153 1353 2203 st.
1372 2151 1412 2203 14.
1438 2153 1519 2220 sagt:

212 2232 243 2288 ἐν
261 2231 371 2296 δούλοις
388 2233 427 2306 τῷ
449 2241 593 2311 Καίσαρος
611 2233 729 2312 δόγματι
748 2233 909 2314 ἀπεγράφης
926 2236 1081 2310 πειθήσας,
1113 2239 1158 2292 καὶ
1180 2233 1296 2297 δούλους
1314 2232 1388 2309 ἡμᾶς
1406 2233 1519 2310 ἐχθροῦ

212 2325 261 2378 καὶ
279 2319 416 2399 ἁμαρτίας
435 2321 640 2400 ήλευθέρωσας.

301 2411 334 2465 V.
352 2414 394 2466 63.
421 2413 496 2467 Bene
514 2413 543 2466 in
562 2413 725 2468 Bethlehem
743 2413 882 2482 nascitur,
906 2412 1068 2468 Bethlehem
1086 2412 1189 2484 quippe
1214 2410 1310 2466 domus
1332 2409 1415 2480 panis
1432 2411 1520 2465 inter-

210 2503 349 2570 pretatur.
367 2501 428 2570 ipse
447 2516 564 2571 namque
581 2505 640 2570 est,
659 2500 707 2570 qui
724 2499 777 2554 ait:
809 2516 865 2572 ego
884 2513 944 2554 sum
961 2500 1043 2571 panis
1061 2500 1143 2556 vivus
1150 2541 1162 2583 ,1
1176 2499 1224 2570 qni
1242 2498 1276 2554 de
1294 2498 1367 2554 celo
1387 2498 1520 2554 descendi

80 2609 81 2616 ¹
211 2589 292 2658 (doh
312 2589 338 2658 6,
355 2590 413 2658 41).
451 2589 559 2658 Greqcr.
577 2589 613 2643 M.
630 2588 703 2642 hom.
721 2586 750 2640 in
769 2602 810 2642 ev.
830 2590 855 2656 1,
873 2589 899 2656 8,
919 2591 942 2642 1.

299 2676 332 2731 V.
351 2677 391 2731 84.
426 2677 550 2731 voluisti.
584 2676 637 2730 ilie
663 2673 828 2747 freiwillige
846 2674 1098 2748 Menschwerdung
1123 2674 1214 2751 heben
1241 2675 1312 2729 anch
1338 2673 1383 2728 die
1401 2672 1521 2728 Mendes

211 2759 258 2818 oft
275 2765 388 2834 hervet,
407 2762 474 2818 ἑκών
491 2761 614 2834 κατῆλθε
637 2758 653 2819 ό
671 2759 798 2835 ὕψιστος.
831 2763 905 2833 ling.
923 2762 965 2816 28.

642 3082 705 3158 48.
742 3085 786 3156 In
812 3083 919 3155 natali
946 3081 1087 3154 domini.

209 3268 300 3336 Puer
320 3268 413 3334 nohis
435 3269 593 3354 nascitur,
892 3278 926 3336 et
947 3285 1067 3356 pueros
1090 3241 1209 3336 occidit

255 3377 365 3436 rector
388 3373 592 3458 augelorum,
790 3429 794 3434 .
934 3373 1075 3438 infantes
1099 3393 1171 3439 cum
1192 3373 1306 3438 livore.

208 3473 245 3541 in
266 3474 331 3540 hoc
351 3476 470 3542 mundo
492 3479 637 3562 pascitur

255 3577 401 3644 (lominus
424 3578 632 3647 dominorum·
892 3539 952 3618 Qui
973 3547 1067 3604 natus
1090 3548 1140 3604 est
1163 3560 1204 3604 ex
1226 3539 1333 3605 Maria

793 3641 798 3648 ’
877 3701 880 3706 .
936 3643 988 3707 die
1011 3642 1185 3725 hodierna,

126 3829 129 3834 Ι
209 3740 248 3812 In
270 3765 422 3832 praesepe
444 3749 574 3832 ponitur
816 3756 834 3816 5
892 3748 988 3813 ducat
1014 3766 1074 3811 nos
1097 3767 1168 3812 cum
1191 3745 1298 3828 gratia
1478 3748 1521 3810 15

255 3850 314 3913 sub
338 3849 434 3913 foeno
458 3851 635 3933 asinorum,
657 3905 658 3910 ,
934 3850 977 3914 ad
999 3848 1119 3932 gaudia
1141 3866 1292 3932 superna.

211 3968 253 4016 co
278 3959 438 4017 noverunt
460 3953 621 4018 dominum

255 3971 419 4118 {hristum
439 4073 552 4136 regem
575 4055 737 4120 coelorum.
891 4009 918 4075 ⁰
937 4005 1244 4178 3on33&ss
1256 4110 1357 4177 choro

210 4213 296 4284 Hinc
317 4217 466 4283 Herodes
488 4221 591 4284 timuit
893 4238 963 4284 cum
986 4219 1119 4283 canticis
1143 4225 1176 4281 et
1198 4234 1323 4299 organo

214 4315 374 4403 vmagno
398 4341 470 4386 cum
494 4322 608 4387 dolere
798 4324 839 4387 10
935 4323 1163 4388 benedicamus
1186 4322 1323 4386 domino.
1476 4319 1520 4383 20

281 4504 328 4560 lis.
348 4505 398 4560 der
415 4506 658 4565 Stadtbiblicthek
675 4525 710 4562 un
729 4509 811 4564 Trier
830 4509 882 4564 Νο.
901 4511 961 4563 724.
978 4509 1028 4564 mit
1045 4509 1096 4563 der
1113 4507 1250 4577 Meledie,
1275 4508 1309 4560 15
1326 4505 1424 4562 Jahrh
1459 4505 1519 4560 Det

207 4590 329 4733 Anfgng'
344 4594 469 4652 erinnert
486 4613 523 4652 an
536 4599 589 4654 den
602 4596 732 4670 Eingang
751 4596 800 4652 der
812 4597 904 4658 Messe
918 4595 972 4653 auf
981 4597 1166 4653 Weihnacht:
1195 4610 1266 4668 puer
1277 4599 1361 4650 natus
1376 4595 1415 4650 est
1433 4590 1520 4648 nobis

207 4693 264 4734 hac
302 4679 364 4736 lsai
383 4683 407 4754 9,
426 4684 451 4738 6.
