3316 5358
12 2273 13 2280 i
112 2219 174 2286 sed
182 2217 358 2284 defendant
366 2216 738 2298 iam.armislortibus,10

542 775 629 848 270.
661 773 844 876 Hymnum
870 774 998 848 luricae.

113 1019 319 1102 Sublragare
341 1018 493 1084 trinitatis
514 1020 635 1102 unitas,
793 1018 861 1087 Mei
883 1021 994 1103 gibbo
1015 1037 1136 1104 pernas
1159 1036 1270 1084 omues
1292 1019 1408 1106 libera,

112 1123 244 1192 unitatis
265 1121 420 1188 miserere
443 1122 585 1205 trinitas,
793 1121 866 1190 titt
884 1121 975 1208 peltl
996 1123 1351 1208 protegente-singula,
1378 1127 1430 1191 3⁰·

113 1227 306 1310 subfragare
331 1227 422 1309 mihi,
447 1243 574 1310 quaeso,
597 1226 705 1310 posito
792 1233 829 1291 ut
853 1243 918 1291 nou
940 1226 1017 1292 tetri
1039 1225 1203 1290 dromones
1226 1226 1258 1289 in
1281 1227 1387 1294 latera

112 1331 210 1396 marm
232 1330 342 1412 magni
364 1329 461 1394 velut.
475 1329 508 1393 in
530 1329 688 1415 perieulo.
793 1349 867 1396 mea
887 1331 1016 1416 librent,
1038 1335 1075 1396 ut
1097 1330 1215 1412 solent,
1238 1329 1356 1398 iaeulas

113 1517 165 1589 Ut·
184 1485 388 1588 nousseoum
414 1518 536 1688 tralliteat⁸
545 1538 599 1586 me
618 1527 740 1687 ωοτωέ
793 1545 944 1631 mmm,
981 1545 1145 1632 apphus
1175 1565 1248 1611 euin
1277 1546 1355 1612 iaris
1386 1553 1422 1614 et

472 1645 484 1687 i
1139 1665 1254 1729 eonas,

111 1728 208 1814 hujus
232 1728 308 1794 anui
329 1747 435 1812 neque
458 1726 567 1794 mundi
588 1725 726 1811 vanitas,
792 1757 918 1834 mm,
963 1748 1122 1832 lisanam,
1167 1767 1287 1814 gemm
1323 1755 1422 1832 atquo

111 1838 148 1896 eb
167 1831 232 1897 boo
253 1830 340 1895 idem
361 1836 441 1914 pelo
465 1849 486 1896 ἃ
507 1829 695 1896 sublimibus
1140 1850 1252 1916 michi:
1279 1869 1355 1935 nas,

112 1934 253 2000 oaelestis
276 1934 399 2000 millii&
420 1934 608 2016 virtulibflssi
792 1953 979 2038 elialadum,
1003 1953 1204 2036 oharassum,
1228 1953 1420 2038 medianum,

1137 2057 1249 2140 talias,
1378 2059 1421 2122 35

978 2162 1130 2244 exugiam
1179 2169 1276 2242 atque
1327 2161 1421 2227 binas

1138 2263 1281 2326 edumas.

110 2116 739 2199 Nemelinquantlaeerandumhoitibus,
792 2162 923 2242 bama,

113 2332 147 2390 et
169 2344 220 2388 me
242 2324 289 2386 illi
311 2321 503 2407 praecedant
524 2322 558 2386 iu
581 2320 652 2385 aoie

111 2428 255 2494 callem
276 2426 585 2494 exemimmffitiae
790 2475 868 2541 llleo
892 2492 973 2556 ergo
997 2493 1069 2539 euin
1091 2473 1218 2556 capillis
1246 2480 1279 2537 et
1301 2473 1420 2539 vertioi

111 2615 265 2686 Cerubim
280 2624 314 2682 et
328 2616 492 2702 seraphim
507 2637 579 2683 eum
588 2617 737 2702 millibus,
792 2580 889 2663 galea
911 2577 1024 2642 ”lutis
1046 2584 1117 2641 ⁰⁸l⁰
1140 2575 1253 2660 eapiti,

113 2719 271 2786 Gabrihel
294 2727 327 2784 e,
345 2715 511 2787 Miohahel
533 2720 702 2802 ,mmmm
791 2682 905 2763 fronti,
931 2679 1033 2744 oeulis
1056 2687 1089 2743 et
1112 2681 1249 2742 eerebro
1272 2678 1419 2763 triformi,

791 2793 916 2867 rostro,
940 2783 1043 2867 labio,
1066 2783 1175 2865 faciei,
1199 2783 1349 2866 tympori.
1377 2784 1420 2848 40

111 2831 191 2908 epto
220 2824 371 2908 thronos,
407 2825 562 2906 virtutes,
599 2823 737 2888 archan-

156 3031 163 3044 ·
209 3031 216 3046 .
462 2929 573 3010 3⁰¹⁰⁸²
697 2929 737 2990 ¹⁵
791 2966 913 3049 Mento,
928 2967 1050 3047 barbae,
1072 2965 1263 3048 supereiliis,
1278 2965 1420 3049 auribus,

110 3039 330 3116 principatus,
353 3038 548 3115 potestates,
572 3031 716 3115 angelos.
792 3071 896 3154 genis,
919 3069 1040 3150 mois,
1063 3069 1238 3150 immam,
1257 3070 1399 3152 naribus,

791 3175 941 3259 pupillis,
973 3175 1068 3257 rotis,
1098 3173 1283 3256 palpebris,
1313 3179 1421 3237 tauto·

1140 3271 1248 3358 uib'us,

793 3381 916 3464 gingis,
949 3379 1091 3462 anh'elae,
1122 3377 1261 3442 maxillis
1292 3383 1325 3442 et
1347 3377 1420 3443 lau-

1140 3481 1241 3545 uibus.

110 3215 157 3283 Ut
179 3235 229 3280 me
253 3217 354 3282 denso
380 3213 592 3282 defendentes
611 3219 739 3301 agmine

112 3321 258 3386 iuimioos
283 3321 410 3385 valeam
432 3329 650 3407 prosternere.

111 3429 178 3488 tum
203 3423 320 3487 deinde
344 3431 482 3488 eaeteros
505 3426 720 3510 agonithetae,

111 3528 317 3611 patriarchas
343 3536 496 3610 quatuor,
524 3537 638 3610 quater
660 3548 738 3614 pro·

459 3633 591 3716 phetas,
697 3637 739 3698 20
880 3695 887 3709 ,
1004 3695 1011 3710 ,
1188 3694 1195 3707 ,

792 3696 966 3778 Dentibus,
988 3692 1124 3778 liuguae,
1148 3712 1211 3772 ori,
1235 3711 1323 3774 uvee,
1343 3699 1419 3774 gut-

110 3816 293 3903 Apostolos
315 3823 408 3884 navis
431 3818 552 3886 Christi
575 3831 726 3906 proretas
1139 3796 1217 3877 turi,
1376 3796 1418 3858 4⁵

110 3929 146 3987 et
167 3932 328 4008 martyres
356 3943 466 3989 omnes
487 3933 565 4010 peto
589 3926 738 4009 athletas,
792 3900 978 3986 gufgflllfflll
1002 3908 1034 3964 θῒ
1057 3900 1254 3980 sublinguae,
1279 3898 1419 3981 Gssfvissli

110 4033 149 4090 ut
169 4047 221 4090 me
244 4049 304 4110 per
327 4043 385 4093 eos
407 4029 496 4094 salus
518 4030 625 4114 sepiat
792 4006 925 4091 (ἈΨῘῒθῑῙἰ
947 4012 1075 4087 ⁰⁰¹¹lf⁰i
1101 4003 1284 4086 Willisslfll

110 4137 209 4213 atque
242 4148 336 4195 omne
358 4133 475 4197 malum
498 4155 518 4198 a
540 4154 592 4198 m,
614 4142 738 4219 pere-at,
792 4109 877 4174 eollo
901 4108 1042 4173 elemens
1066 4103 1180 4170 adesto
1203 4106 1357 4172 tutamini.

111 4320 261 4389 Olli-istus
290 4343 415 4389 meeum
447 4333 578 4410 paetum
613 4325 738 4390 firmum
790 4325 915 4392 Deinde
938 4332 1009 4391 esto
1031 4326 1135 4390 loriea
1158 4327 1317 4390 tutissima

457 4430 571 4514 feriat,
696 4433 737 4494 25
791 4449 873 4514 erga
881 4431 1034 4512 membra,
1045 4449 1126 4512 erga
1135 4449 1208 4492 mea
1217 4428 1356 4508 viscera,
1377 4425 1419 4488 50

110 4528 221 4614 timor,
236 4539 358 4598 tremor
372 4541 473 4600 tetras
487 4537 600 4601 turbas
615 4542 739 4600 terreat
790 4543 833 4602 ut.
848 4533 998 4601 retrudas
1021 4555 1042 4600 a
1064 4554 1116 4598 me
1139 4531 1318 4598 invisibiles

111 4631 202 4716 ‘¹⁶³⁸’
225 4636 452 4720 inpenetrabili
473 4639 575 4706 tutela
791 4638 906 4707 sudum
933 4640 1063 4724 elavos,
1100 4655 1186 4722 quos·
1213 4635 1318 4720 figunt
1348 4631 1423 4699 odi·

110 4734 251 4820 uudique
274 4760 326 4806 me
349 4741 488 4808 deiende
510 4741 666 4827 potentia.
1141 4741 1233 4808 biles.
