3280 5358
205 286 250 370 08

205 482 243 552 ut
263 474 359 558 gigas
380 475 550 558 egreditur
813 479 833 540 5
886 481 973 547 dono
996 479 1088 564 cnjus
1110 479 1228 564 gretie

250 580 294 646 ed
316 581 508 646 currendam
529 583 624 646 viem.
929 592 1100 669 reparatus
1122 602 1217 667 reue,

292 680 388 747 Felix
410 690 461 746 est
483 685 646 766 egressio,
886 705 957 751 cum
981 684 1025 750 ad
1046 684 1174 750 domum
1196 682 1304 747 viduae
1472 684 1518 746 25

293 806 354 870 per
376 805 471 870 quam
497 784 533 849 lit
555 787 702 850 salvatio.
928 790 1017 854 venit
1038 789 1207 858 Helisaeus.

205 920 279 987 Diei
301 923 461 988 festivitas

249 1027 295 1090 ita
318 1027 516 1108 celebretur,
792 1029 832 1092 10
884 989 961 1055 Diffi
983 1009 1003 1055 ⁰
1029 1011 1124 1074 (11111111
1147 993 1285 1058 11121θο111

928 1115 1022 1180 quam
1046 1103 1079 1160 et
1102 1095 1309 1178 admiranda,

883 1199 940 1264 lux
962 1199 1043 1264 lucis
1065 1200 1098 1263 in
1121 1199 1281 1281 tenebris,

927 1301 982 1365 lux
1005 1299 1229 1384 glorificande,
1470 1300 1514 1363 30

883 1421 944 1486 per
967 1421 1062 1485 qnam
1085 1404 1200 1468 umbra
1226 1399 1369 1468 funebris

926 1507 1019 1570 nobis
1042 1513 1092 1570 est
1114 1501 1254 1572 vitanda.

205 1137 242 1194 ut
263 1129 405 1213 prudens
428 1129 616 1213 simplicitas

249 1234 367 1296 bonum
390 1238 560 1314 operetur,

206 1341 240 1399 et
260 1352 326 1399 non
348 1341 456 1399 cesset
478 1334 613 1415 caritas,

250 1457 322 1520 quae
345 1455 406 1500 nos
429 1437 607 1500 comitetur.

203 1573 276 1644 Diei
301 1575 357 1639 det
378 1575 516 1658 gloriam
790 1576 829 1636 15

248 1678 344 1743 homo
363 1677 433 1760 jam
455 1683 601 1758 renatus,

205 1782 260 1864 qui
282 1801 343 1864 Per
365 1779 596 1862 negligentiam
882 1713 942 1779 ⁰5⁰
966 1715 1028 1778 ¹¹⁸⁰
1051 1715 1251 1799 resplenduit

283 1885 289 1898 .
926 1819 1033 1883 lumen
1056 1819 1141 1884 istud
1165 1821 1301 1906 clarum,
1358 1819 1363 1832 ’
1626 1865 1627 1890 τ

213 1885 324 1950 “·011111
346 1886 494 1948 9111131111
884 1923 970 2007 quod
993 1923 1068 1987 olim
1091 1924 1229 1988 innotuit
1468 1927 1512 1990 35
1626 1917 1627 1926 ¹

203 2010 265 2075 per
286 1989 538 2108 misericordiam
561 2029 563 2036 ·
672 2011 678 2024 ·
924 2045 1007 2091 voce
1029 2027 1278 2112 prophetarum,

247 2093 332 2157 redit
354 2094 518 2158 hberatus.
786 2089 829 2151 20
881 2150 943 2214 per
966 2149 1061 2212 quam
1086 2130 1232 2218 cmm}
1256 2133 1348 2197 diluit

202 2232 297 2297 Diem
319 2232 404 2297 hunc
426 2232 548 2295 laetitiae
925 2241 1053 2298 noctem
1076 2238 1291 2300 tenebrarum.

246 2336 323 2402 fecit
345 2337 416 2420 ipse
440 2336 535 2418 deus,
968 2337 1062 2402 Felix
1085 2347 1145 2403 etc.

294 2485 353 2538 Ans
378 2482 456 2538 einer
473 2480 640 2536 llarbacher
658 2477 704 2532 lls.
732 2495 767 2531 zu
785 2477 913 2546 colmar,
946 2480 980 2532 12
997 2478 1094 2534 dahrln
1129 2480 1181 2534 Die
1206 2478 1436 2552 Wiederholung
1461 2480 1512 2536 des

200 2569 366 2625 Rundreims
385 2586 430 2624 am
443 2567 577 2627 Schlnsse
596 2565 672 2637 zeigt
690 2581 735 2634 an,
754 2564 819 2618 dass
838 2581 869 2618 er
887 2581 922 2619 nn
935 2565 1021 2639 jeder
1034 2565 1159 2640 Strophe
1173 2569 1277 2640 gehdrt
1294 2567 1350 2622 und
1367 2567 1413 2622 bei
1423 2569 1511 2641 jeder

201 2675 349 2731 gesnngen
366 2657 472 2714 wurde.

289 2785 306 2838 3
324 2797 394 2852 puer
412 2777 486 2836 fehlt
503 2780 532 2834 in
550 2779 601 2834 der
618 2777 680 2849 Hs,
705 2794 780 2833 mnes
798 2777 868 2832 eber
886 2777 958 2832 nach
977 2777 1039 2834 dem
1056 2778 1205 2862 Versmass
1224 2780 1281 2836 und
1298 2780 1327 2834 in
1345 2781 1441 2852 Bezug
1460 2781 1515 2840 aui

200 2869 285 2942 gigas
303 2885 329 2922 v.
348 2869 365 2922 5
384 2868 490 2923 stehen.

288 2986 404 3061 v.1flg.
427 2991 485 3044 Der
497 2989 571 3044 hehe
584 2988 702 3059 Festteg
714 2987 752 3041 ist
766 2986 794 3040 in
808 2987 913 3041 diesem
925 2987 1010 3042 Liede
1024 2987 1180 3044 besonders
1193 2991 1444 3062 hervorgehoben‚
1459 2989 1514 3046 auf
1628 2991 1629 3054 l

200 3077 330 3134 i'rlnnliclre
356 3079 410 3132 Art
432 3075 628 3131 eussertvsieh
652 3075 778 3146 Cdmjsosl.
802 3074 838 3128 de
861 3074 1012 3146 Philogon.
1030 3077 1056 3129 3.
1087 3073 1219 3144 ἡπασοῖν
1237 3077 1337 3154 ἑορτῶν
1355 3075 1505 3150 σεμνοτάτη

199 3169 246 3220 καὶ
264 3163 475 3240 φρικωδεστάτη,
493 3160 526 3235 ἤν
544 3160 593 3220 οὐκ
612 3160 645 3219 ἄν
664 3183 705 3226 τις
724 3159 842 3238 ἁμάρτοι
860 3160 1023 3238 μετρόπολιν
1037 3163 1133 3240 onemo
1151 3163 1204 3220 τῶν
1223 3163 1323 3241 ἑορτῶν
1337 3164 1505 3242 προσειπών.

202 3256 245 3318 τίς
263 3251 296 3306 δέ
313 3251 385 3306 ἐστιν
404 3249 485 3320 αὕτη·
510 3245 527 3322 ἦ
545 3249 615 3305 κατὰ
632 3249 723 3327 σάρκα
747 3248 797 3306 τοῦ
814 3248 938 3325 Χριστοῦ
956 3253 1091 3327 γέννησις·
1121 3249 1177 3308 ἀπὸ
1196 3252 1250 3329 γὰρ
1269 3250 1366 3323 ταύτης
1384 3251 1417 3307 τὰ
1436 3256 1507 3308 θεο-

200 3335 287 3410 devie
305 3341 350 3394 καὶ
366 3337 397 3394 τὰ
416 3337 514 3408 πάσχα
532 3337 561 3394 τὸ
580 3336 653 3414 ἱερὸν
671 3341 717 3394 καὶ
734 3333 751 3408 ἦ
770 3334 904 3410 ἀνάληψις
921 3342 966 3392 καὶ
984 3334 1001 3408 η’
1019 3340 1181 3411 πεντηκοστὴ
1207 3340 1255 3412 τὴν
1282 3338 1370 3416 ἀρχὴν
1394 3345 1440 3396 καὶ
1458 3341 1509 3412 τὴν

199 3425 338 3488 ὑπόθεσιν
356 3429 461 3503 lindos.
497 3429 560 3484 Von
584 3430 757 3484 Weihnacht
774 3425 850 3499 fieng
875 3429 925 3482 der
943 3428 1065 3483 irdische
1085 3429 1146 3499 'lag
1166 3428 1338 3497 Christian,
1369 3429 1510 3484 woriiber

199 3515 334 3590 fulgendo
352 3516 457 3572 Stelle:
480 3517 546 3572 Dies
564 3517 627 3586 iste,
645 3516 693 3586 qui
712 3515 831 3570 circuitu
848 3515 918 3570 solis
932 3517 1018 3589 hujus
1032 3516 1171 3586 impletur,
1190 3533 1295 3587 pancas
1310 3519 1397 3573 horas
1410 3518 1509 3588 habet,

199 3605 260 3662 dies
277 3605 439 3678 presentie
458 3605 565 3662 (insisti
581 3620 669 3674 usqne
687 3603 717 3657 in
735 3603 1000 3658 consummationem
1017 3603 1115 3659 saeculi
1133 3603 1299 3658 extenditur.
1324 3607 1457 3676 Ακρτκίἰκ,
1475 3605 1506 3660 in

200 3709 301 3766 evang.
318 3693 383 3749 doh.
400 3695 443 3762 te,
462 3694 486 3748 6.
505 3693 578 3747 nach
596 3691 692 3747 lletth.
710 3691 753 3758 28,
772 3691 814 3744 20.
1269 3685 1272 3692 ’

286 3781 321 3836 V.
339 3782 381 3836 16.
407 3785 531 3836 renatus.
554 3781 597 3833 24.
615 3783 774 3848 reparatus,
801 3781 843 3834 35.
870 3778 964 3836 llluxit
991 3778 1073 3834 nobis
1106 3778 1165 3832 dies
1198 3779 1381 3834 redemtionis
1411 3795 1506 3849 nove,

197 3869 419 3940 praeparationis
443 3868 581 3938 antique,
599 3863 745 3921 felicitatis
765 3872 886 3922 aeternee.
918 3872 1067 3938 reparatur
1085 3867 1158 3922 enim
1176 3867 1258 3923 nobis
1278 3869 1376 3924 salutis
1395 3874 1505 3925 nostrae

197 3972 291 4012 annua
306 3956 485 4012 revolutione
504 3958 715 4024 sacramentum,
734 3956 771 4010 ab
789 3955 870 4013 initio
887 3955 1064 4027 promissum,
1082 3955 1111 4012 in
1130 3953 1185 4010 fine
1204 3957 1349 4027 redditum,
1369 3957 1429 4011 sine
1446 3954 1504 4012 fine

196 4059 363 4099 mansurum.
389 4043 466 4098 leon⁸
485 4059 518 4097 m.
536 4057 617 4097 serm.
635 4045 678 4111 22,
697 4046 721 4097 1.

267 4130 300 4186 V.
326 4133 370 4186 20.
397 4131 438 4184 30.
472 4129 528 4184 lux.
565 4127 613 4186 τοῦ
640 4135 736 4207 κυρίου
765 4129 852 4202 Ἰησοῦ
875 4133 1051 4204 γεννηθέντος
1083 4129 1254 4206 memoriosae
1280 4135 1315 4189 rol
1350 4130 1507 4206 σύμπαντα.

194 4219 261 4276 οοο.
279 4221 321 4273 25.

648 4437 709 4512 42.
746 4437 882 4510 Natalis
909 4437 1051 4510 domini.

194 4582 293 4649 Pater
314 4584 425 4648 matris
449 4583 546 4649 hodie
872 4593 978 4674 gratia
999 4593 1036 4657 fit
1059 4595 1175 4677 gratiae

193 4689 280 4754 filius
302 4690 339 4755 fit
360 4689 451 4776 filiae,
870 4716 932 4780 per
953 4699 1099 4782 gratiam.
