3280 5358
149 487 182 540 ut
199 481 343 538 amborum
360 493 395 532 ex
409 475 544 548 junctum
833 471 897 544 ipse
915 475 971 527 stet
987 469 1179 540 inhabitante,

151 569 249 624 demus
266 579 405 636 nunqnam
423 561 532 618 ruitura
831 573 888 630 qne
906 555 1023 614 fundate
1041 561 1086 612 est
1103 561 1224 614 creante.

116 673 199 730 lienn
216 669 317 727 lehren
334 669 380 726 Bc
399 665 473 723 fert:

151 762 213 816 heec
230 764 276 814 est
292 754 362 812 fides
381 753 554 822 orthodoxe,
833 747 1428 823 necinpnrtenrprsvsmmlltmperteno)

151 863 204 902 nee
218 846 343 918 (nonii)
356 844 403 899 hic
417 857 498 896 error
512 840 572 895 sine
585 853 660 895 noxe
674 841 747 907 (non
1008 838 1086 893 cede.
1117 829 1129 842 ⁸

325 936 370 986 est
394 931 469 985 doxa
486 929 534 997 Β),
834 923 896 980 hec
914 939 979 996 spes
996 923 1064 980 rnihr'
1081 925 1120 982 sit
1137 925 1263 984 dulcedo.

115 1047 120 1054 ·
152 1019 228 1074 sicut
245 1017 326 1086 dice,
342 1017 386 1070 sic
404 1022 433 1072 et
451 1013 552 1082 crede,

117 1121 179 1180 ner
199 1123 295 1177 diesen
313 1121 384 1176 Vers
401 1122 452 1175 hat
469 1120 491 1178 G
510 1118 607 1174 diesen
626 1115 757 1174 Schlnss:

153 1210 219 1266 inde
237 1209 314 1264 venit
331 1209 404 1265 hene
424 1209 505 1278 deus,
833 1219 869 1259 ne
887 1204 1033 1278 desperem
1051 1205 1178 1277 quamvis
1196 1223 1269 1262 rens.

117 1313 120 1320 ¹
146 1331 147 1334 ’
206 1329 264 1386 Der
281 1331 353 1386 Text
369 1329 399 1385 in
418 1330 440 1384 B
459 1329 497 1383 ist
514 1326 648 1382 hiernach
666 1325 728 1380 eine
746 1325 1004 1400 Uebererbeitnng,
1036 1329 1136 1386 dcem
1154 1331 1287 1388 ethrende
1305 1331 1426 1392 zurita

118 1418 171 1476 des
195 1418 314 1476 Gedicht
336 1417 497 1474 verderhen
519 1415 618 1473 hahen-
658 1414 752 1470 llnreh
778 1414 839 1470 dies
865 1413 1018 1486 Ergehnise
1045 1417 1120 1474 wird
1143 1418 1194 1476 der
1217 1419 1310 1476 lnhnlt
1333 1421 1427 1478 dieser

118 1505 168 1561 lis.
185 1505 291 1578 richtig
307 1504 467 1562 beurtheilt
503 1504 551 1561 Sie
580 1503 696 1582 enthilt·
714 1501 835 1558 nimlieh
862 1502 924 1558 eine
951 1503 1116 1576 Sammlung
1141 1520 1199 1562 ven
1225 1505 1427 1580 Reimgehetep

120 1593 178 1648 und
194 1593 328 1662 liedern,
355 1592 463 1648 welche
483 1593 544 1648 dem
562 1591 646 1648 Prior
665 1591 775 1648 Kenret
792 1607 857 1648 vem
876 1592 1163 1650 Kerthinserlrlester
1179 1595 1373 1654 llnrienthren
1390 1613 1428 1654 nn

120 1679 241 1752 Geming
259 1679 448 1750 (Gemnicum)
474 1679 503 1734 in
520 1677 782 1734 Niederdsterreich
799 1679 1020 1752 regeschriehen
1037 1680 1166 1750 werden,
1185 1681 1285 1738 dessen
1299 1681 1428 1738 Verrede

117 1773 206 1840 sagtz·
231 1768 328 1840 plures
352 1785 409 1824 non
426 1773 484 1824 tem
503 1768 646 1824 orationes
665 1784 747 1840 quern
765 1767 971 1838 oratiunculas,
1003 1765 1086 1824 imme
1104 1768 1343 1839 ndulnh'unenlee,
1375 1753 1428 1842 per

117 1857 230 1912 medum
248 1857 360 1912 letanias
378 1857 413 1910 de
432 1855 486 1912 deo
504 1856 565 1912 sive
584 1855 618 1912 de
636 1856 661 1910 h.
680 1855 799 1928 virgine,
819 1856 854 1912 de
872 1853 990 1928 augelis,
1009 1855 1043 1912 de
1062 1856 1176 1926 sanctis,
1194 1856 1267 1914 sicut
1283 1857 1312 1912 in
1329 1857 1428 1917 tabule

116 1941 196 1998 infra
218 1944 357 2013 invenies,
376 1948 513 2014 conposui,
538 1948 569 1999 ut
587 1943 705 2016 quilibet
723 1957 782 1998 ente
799 1943 901 2000 mentis
919 1941 1049 1998 affectunt
1066 1945 1216 2000 secundnm
1234 1943 1355 2018 gretiam
1373 1943 1428 2000 sihi

118 2030 213 2086 datam
237 2035 267 2086 et
290 2031 440 2086 secundum
464 2030 599 2100 placitum
622 2047 704 2086 snem
719 2031 813 2102 pessit
830 2047 969 2086 exercere.
1004 2031 1089 2088 lenes
1108 2048 1277 2103 componere
1294 2031 1428 2090 bedentet

118 2117 182 2174 also
201 2119 274 2172 auch
292 2118 353 2172 eine
371 2117 627 2190 Ueberarbeitung‚
660 2119 732 2174 denn
751 2135 782 2174 es
800 2119 873 2176 lieet
891 2120 952 2174 sich
969 2120 1016 2176 bei
1033 2121 1178 2174 mehreren
1194 2119 1315 2178 Liedern
1333 2119 1427 2176 dieser

117 2203 284 2277 Sammlung
301 2207 492 2275 nachweisen,
525 2207 591 2262 dass
616 2207 667 2262 der
685 2208 897 2266 Prior'llonrat
915 2208 957 2264 sie
975 2208 1168 2264 iibererheitet
1185 2208 1242 2264 hat
1276 2207 1360 2264 Diese
1378 2207 1427 2262 lle.

119 2293 239 2363 gehdrte
262 2291 361 2350 friiher
384 2295 447 2350 dem
464 2295 581 2350 Kloster
598 2295 729 2350 Andechs
752 2295 782 2350 in
800 2296 917 2366 Beicrn,
948 2297 1010 2352 eine
1028 2297 1129 2352 nweite
1153 2296 1182 2350 in
1200 2295 1361 2367 l'egernsee
1379 2293 1428 2348 be·

120 2381 213 2436 merkt
237 2383 289 2438 Pcz
317 2383 437 2438 thesaur.
463 2401 527 2440 nov.
546 2387 571 2452 1,
589 2383 668 2452 XIX,
699 2382 757 2437 und
779 2383 841 2438 eins
865 2383 950 2438 dritte
968 2383 1007 2438 ist
1025 2384 1069 2439 die
1087 2383 1278 2438 Reiehenaner
1294 2383 1362 2454 Pap.
1380 2381 1429 2436 lis.

117 2467 172 2524 Νο.
189 2471 224 2524 36
247 2487 283 2524 nu
301 2470 474 2542 Karlsruhe‚
506 2471 552 2526 die
575 2466 634 2526 fast
659 2469 716 2525 nlle
738 2471 961 2544 lleiligenlieder
984 2470 1116 2528 Konreds
1141 2469 1210 2524 aber
1234 2469 1307 2526 ohne
1331 2469 1428 2524 seinen

116 2554 226 2613 Namen
244 2557 361 2612 enthhlt.

210 2659 268 2715 Das
285 2659 355 2718 Lied
377 2659 416 2714 ist
439 2659 513 2713 nach
536 2658 587 2714 der
603 2658 758 2732 Anleitung
776 2659 825 2718 des
843 2661 1055 2734 apostolisehen
1073 2659 1429 2722 Gleubensbelrenntnisses

116 2747 316 2818 cingerichtet,
334 2747 389 2802 wie
409 2747 453 2802 die
467 2746 500 2802 V.
514 2748 620 2803 60-64
634 2748 757 2804 deutlich
770 2750 920 2822 anzeigen;
938 2751 983 2806 die
997 2749 1243 2810 Glenhensartilrel
1259 2747 1323 2804 sind
1341 2747 1430 2804 durch

118 2833 167 2890 die
185 2831 477 2908 zusammenstellring
495 2833 545 2890 der
563 2835 738 2908 Gegensiitne
756 2837 908 2908 erltiutert,
926 2838 1036 2894 welche
1052 2837 1216 2896 Lehrweise
1234 2835 1307 2892 ench
1323 2834 1429 2897 endere

118 2921 316 2998 dogmatische
333 2925 433 2980 Lieder
450 2921 586 2996 befelgen
604 2925 678 2980 nach
695 2925 803 2995 (ἕτερον.
821 2926 857 2982 ll.
874 2925 972 2982 morel
990 2929 1017 2997 2,
1034 2929 1076 2982 20.
1418 2911 1421 2920 ’

190 3063 224 3118 V.
243 3068 268 3119 1.
287 3061 359 3141 άρχὴ
377 3069 423 3120 καὶ
440 3066 524 3128 τέλος.
543 3065 608 3120 Dec.
625 3067 667 3120 20.
702 3065 796 3124 Ueber
814 3087 833 3121 α
851 3066 908 3121 und
925 3086 947 3122 ω
964 3067 1023 3140 vgl
1041 3067 1173 3122 duretent
1190 3065 1329 3120 anecdota
1346 3063 1366 3132 l,
1384 3065 1428 3118 hh.

187 3151 221 3208 V.
238 3155 264 3208 3.
288 3153 369 3226 cujus
387 3153 465 3208 velle
484 3151 587 3209 feclsse
605 3156 657 3209 est
674 3153 782 3210 Hieron.
800 3155 863 3209 adv.
881 3155 944 3212 Joh.
962 3157 1054 3211 leros.
1071 3156 1114 3208 22.
1149 3153 1231 3228 cnjrrs
1248 3151 1324 3208 velle
1340 3163 1428 3223 posse

119 3227 177 3294 est
204 3243 317 3298 Αιοιῖπι·
334 3243 405 3297 Ceut
423 3242 547 3298 meditat
565 3244 606 3297 1⁴.
625 3257 647 3298 ο.
666 3243 690 3295 1.
709 3257 760 3298 aus
779 3243 925 3299 Tertullicn.
943 3243 1006 3299 adv.
1024 3243 1107 3299 Pru
1125 3243 1168 3296 10.

209 3327 242 3383 V.
260 3331 285 3383 i.
311 3347 368 3385 una
385 3331 483 3386 deitas
507 3327 655 3406 προσκυνῶ
682 3328 795 3406 τριάδος
817 3328 942 3403 μονάδα,
968 3328 1002 3388 eri
1019 3334 1123 3404 τέμνων
1139 3329 1187 3401 τὴν
1206 3325 1343 3399 cedma,
1368 3327 1427 3382 ἔστι

119 3413 176 3491 μὰρ
195 3414 321 3488 incedis·
345 3419 416 3476 llen.
433 3419 505 3476 Nov.
523 3420 566 3474 30.
603 3419 749 3475 Tertelden.
773 3419 836 3475 adv.
854 3419 936 3476 Pm
956 3421 997 3474 16.
1015 3420 1044 3474 in
1062 3435 1118 3490 qne
1136 3417 1226 3474 omnis
1243 3416 1339 3486 locus,
1370 3429 1428 3470 non

119 3503 183 3576 ipse
201 3503 231 3559 in
248 3505 323 3562 loco.
495 3510 500 3518 ’

121 3579 152 3727 ἐξ
208 3591 241 3648 V.
259 3594 283 3649 8.
302 3593 410 3666 Greqer.
427 3595 492 3650 Nat.
511 3597 583 3650 oret
600 3595 615 3647 1
635 3609 661 3665 p.
679 3593 722 3647 32.
739 3592 811 3656 θεὸς
828 3593 856 3650 ἐν
870 3588 910 3666 τῷ
927 3595 1008 3648 nme
1026 3590 1096 3667 τῷδε
1113 3588 1221 3649 καὶτοῦ
1237 3585 1342 3652 παντός
1354 3587 1427 3644 ἐστιν

152 3681 173 3716 (tl

210 3749 241 3807 V.
260 3753 302 3806 22.
327 3751 360 3808 si
378 3752 459 3807 deum
476 3751 557 3807 locus
576 3750 677 3822 aliquis
695 3751 810 3821 recipit,
832 3767 890 3808 non
907 3756 1001 3807 nmen
1018 3751 1109 3820 cepit3
1134 3748 1315 3820 praesentiam
1333 3747 1428 3816 sentit,

122 3835 299 3908 majestatem
322 3855 380 3896 non
402 3840 532 3910 impedit;
563 3838 728 3910 expavescit
752 3838 995 3910 omnipotentiam,
1026 3836 1212 3894 substentism
1229 3853 1287 3893 nen
1302 3834 1430 3892 includit.

121 3922 245 3996 Capreoli
261 3927 341 3998 epist
360 3943 404 3998 ep.
421 3928 551 3983 Strmmtd.
570 3941 635 3997 opp.
653 3929 678 3994 1,
696 3929 757 3980 217.
1018 3937 1020 3941 ’

163 4061 165 4064 ,
209 4011 241 4066 V.
259 4015 301 4068 27.
319 4014 362 4068 28.
397 4013 576 4070 Praeteritum
593 4019 623 4069 et
640 4011 764 4068 futurum
781 4011 896 4066 invenio
914 4009 943 4065 in
956 4011 1032 4066 omni
1044 4015 1237 4082 motatorem,
1255 4011 1284 4068 in
1297 4010 1429 4080 veritate,

120 4111 184 4169 quse
201 4105 312 4171 menet,
338 4101 514 4172 preteritum
538 4107 567 4158 et
590 4099 715 4157 futurum
739 4116 796 4156 nen
813 4099 944 4167 invenie,
975 4101 1027 4156 sed
1044 4100 1136 4176 solnm
1153 4116 1287 4172 presens.
1322 4098 1428 4170 (legite

119 4188 212 4260 deum,
229 4189 363 4263 invenies,
382 4197 440 4263 est3
459 4191 508 4248 uhi
525 4189 580 4248 fnit
597 4197 627 4250 et
642 4192 706 4262 erit,
725 4207 788 4246 esse
806 4207 863 4247 nen
880 4193 983 4262 potest
1000 4191 1132 4264 Αιμιοιιιι.
1149 4189 1179 4245 in
1196 4203 1297 4260 evang.
1314 4187 1378 4244 Jch
1391 4185 1429 4241 38

119 4277 198 4344 510.

209 4364 242 4420 V.
259 4368 304 4421 31.
331 4366 422 4422 trinus
440 4367 469 4420 in
486 4367 624 4437 persenis.
652 4367 704 4422 Die
721 4365 857 4423 llinstler
880 4365 930 4422 dee
947 4365 1128 4424 Mittelelters
1146 4365 1273 4421 strehlen
1291 4363 1337 4418 die
1355 4358 1429 4414 drei-

119 4447 204 4508 fache
221 4453 448 4510 Pershnlichlreit
470 4454 527 4509 und
545 4451 675 4509 einfnche
691 4453 860 4510 Wesenheit
877 4451 976 4509 (iettes
999 4453 1117 4510 bildlich
1135 4451 1338 4518 darnestellen‚
1370 4445 1428 4503 wie

119 4553 185 4595 man
202 4541 341 4596 nuweilen
359 4542 419 4597 drei
433 4541 527 4614 thle
545 4558 582 4598 an
594 4541 847 4614 Shnlenkepitiilen
863 4559 889 4596 n.
907 4542 965 4614 dgl
982 4540 1078 4598 findet
1102 4541 1153 4602 Die
1167 4538 1304 4598 Griechen
1315 4534 1430 4590 missen

121 4632 214 4684 etwas
232 4629 400 4686 Aehnliches
419 4631 526 4702 gehabt
542 4632 650 4703 haben,
674 4631 747 4686 denn
765 4633 794 4686 in
813 4632 866 4687 den
884 4633 1001 4689 llenhen
1019 4646 1082 4686 num
1098 4633 1142 4688 21.
1159 4623 1320 4684 November
1337 4622 1428 4678 steht:

120 4715 223 4790 τριάδα
239 4726 298 4781 τοῖς
315 4716 492 4795 προσώποις,
518 4718 629 4793 μονάδα
651 4715 684 4795 τῇ
706 4717 803 4799 μορφῇ
820 4717 989 4796 δοξάσωμιι.
1025 4717 1113 4794 μονάς
1131 4717 1160 4774 ἐν
1176 4716 1250 4790 τρισὶ
1267 4708 1428 4790 appensas

209 4811 396 4866 Μοιι,1ιιῑιίιι.
414 4813 536 4870 Hymnerr,
561 4813 581 4862 1.
782 4876 783 4880 Ἰ
1190 4811 1211 4874 2
