3312 5366
183 455 738 541 communicassemus
761 457 846 540 iguis
866 458 1023 544 caritatis,
1047 477 1067 524 o
1087 461 1192 528 dulcis
1215 471 1329 547 gmtus
1350 463 1384 530 in
1406 487 1490 552 pso.

185 559 190 566 ’
243 563 367 628 toribus
390 569 423 627 et
444 563 561 628 infusio
585 561 729 628 cordium
751 562 892 627 inbono
916 562 1017 629 odore
1035 565 1201 632 virtutum!

186 733 217 796 1.
238 727 266 794 0
288 729 362 793 tons
384 729 587 814 purissimus,
609 729 643 792 in
666 745 728 812 qno
750 727 984 808 consideratur,
1006 727 1094 812 qued
1116 729 1197 796 deus
1219 734 1342 800 alienos
1364 736 1491 820 colligit

239 840 272 898 et
293 831 439 920 perditos
461 833 604 917 requirit.

184 977 217 1062 b.
239 995 267 1060 0
287 997 391 1062 lorica
411 997 489 1064 vitae
519 1006 552 1063 et
580 1017 657 1086 spes
680 999 880 1087 compaginis
901 1001 1118 1068 membrorum
1141 1004 1297 1088 omnium,
1329 1013 1362 1072 et
1385 1025 1405 1071 o
1429 1027 1488 1072 an·

239 1101 348 1184 gulam
369 1101 560 1186 honestatis,
580 1105 672 1170 salva
693 1105 827 1170 beatos!

186 1271 215 1332 6.
239 1265 373 1330 Custodi
396 1283 468 1347 eos,
498 1265 553 1346 qni
576 1265 735 1329 carcerati
757 1274 830 1332 sunt
852 1267 893 1332 ab
916 1265 1043 1332 inimico
1066 1273 1100 1330 ct
1122 1267 1214 1331 solve
1238 1267 1374 1350 ligatos,
1406 1287 1488 1352 quos

237 1371 347 1436 divina
368 1370 418 1433 vis
441 1369 570 1434 salvare
591 1369 677 1433 vult!

153 1600 167 1625 ·
185 1535 214 1597 7.
239 1529 265 1595 0
287 1532 350 1594 iter
371 1530 591 1614 fortissimum,
623 1528 710 1612 quod
731 1528 916 1612 penetravit
938 1531 1045 1594 omnia
1066 1529 1099 1592 1ιι
1123 1531 1283 1598 altissimis
1307 1537 1394 1600 etin
1416 1545 1484 1602 ter·

236 1637 324 1699 renis
347 1642 380 1699 et
401 1636 434 1698 in
457 1634 601 1698 omnibus
624 1634 767 1715 abyssis,
791 1625 862 1696 cumi
885 1650 995 1696 omues
1018 1639 1182 1718 componis
1205 1646 1238 1702 et
1261 1640 1397 1723 colligis.

185 1801 217 1865 8.
239 1799 287 1864 De
310 1808 343 1866 te
365 1801 467 1866 nubes
489 1797 606 1881 fluunt,
627 1799 732 1862 aetlrer
752 1799 853 1882 volat,
875 1797 1001 1882 lapides
1024 1799 1189 1866 humorem
1211 1797 1367 1887 babent&
1388 1823 1486 1886 aquae

236 1906 358 1971 rivrdos
381 1905 520 1972 educumt
540 1911 576 1968 et
597 1911 686 1968 terra
708 1904 903 1968 viriditatem
926 1903 1029 1968 sudat.

181 2065 216 2147 tl.
240 2063 288 2128 Tu
310 2065 406 2128 etiam
428 2083 557 2148 semper
579 2061 689 2130 educis
712 2061 841 2146 doctos,
860 2083 921 2148 per
942 2063 1185 2147 inspirationem
1208 2069 1377 2156 sapientire
1400 2071 1485 2138 laeti·

235 2167 361 2232 ficatos.

184 2331 234 2394 10.
257 2327 352 2394 Unde
375 2331 446 2394 laus
468 2330 526 2395 tibi
548 2329 678 2411 sit‚1qui
699 2331 736 2391 es
760 2347 857 2393 sonus
879 2329 983 2393 laudis
1001 2337 1040 2394 et
1061 2333 1214 2414 gaudium
1236 2339 1329 2421 vitae,
1352 2357 1429 2424 sper
1452 2348 1486 2405 et

234 2435 338 2499 honor
360 2435 560 2518 fortissimus,
584 2434 666 2498 dans
687 2435 823 2520 praemia
844 2433 934 2498 lucis.

268 2600 314 2655 Hs.
333 2618 368 2654 nu
386 2599 576 2670 Wiesbaden,
608 2603 643 2654 12
661 2602 772 2669 Jahrb,
804 2600 897 2655 werin
920 2599 966 2654 die
984 2597 1080 2657 Briel‘e
1103 2607 1156 2662 der
1178 2608 1205 2662 b.
1224 2609 1386 2682 llilrlegurt‚
1418 2629 1484 2670 vom

177 2686 298 2744 moster
315 2689 510 2761 Rupertsberg
527 2689 574 2745 bei
590 2689 707 2760 Biugem
725 2690 776 2746 nit
787 2689 844 2744 -der
861 2689 989 2747 lllelodie.
1024 2690 1272 2757 Wahrscbeinliob
1289 2699 1327 2756 ist
1351 2702 1485 2762 dasbieu

180 2778 252 2830 auch
275 2793 332 2832 von
356 2779 408 2834 ihr.
457 2780 487 2838 ln
514 2779 568 2834 den
593 2779 739 2836 einzelnen
764 2780 907 2836 Absstzen
933 2781 1028 2835 lassen
1055 2781 1116 2836 sich
1142 2784 1202 2838 wol
1220 2787 1403 2847 Assouanzen
1428 2791 1484 2847 und

180 2863 274 2919 Reime
292 2868 507 2937 wahrnebmeu,
533 2867 603 2922 aber
620 2867 702 2924 keiue
719 2868 945 2940 regelmiissigen
965 2869 1109 2940 Strophen
1128 2871 1283 2943 abtheilen,
1308 2876 1363 2930 wie
1381 2877 1410 2932 iu
1429 2880 1481 2934 deu

181 2952 338 3023 Troparien
355 2955 411 3010 und
429 2957 534 3010 andern
553 2956 735 3028 Sequennen,
753 2957 904 3029 Hildegart
922 2960 1031 3016 scheint
1049 2958 1136 3016 daber
1155 2961 1199 3015 die
1217 2962 1326 3033 Regeln
1345 2965 1394 3020 der
1412 2967 1484 3024 Not-

181 3038 328 3096 lreriscben
346 3042 510 3113 Sequennen
522 3044 605 3099 nicht
622 3045 701 3098 mehr
720 3045 844 3116 gekannt
863 3063 897 3099 nu
914 3047 1007 3102 haben
1030 3049 1087 3103 und
1105 3049 1155 3104 hat
1173 3049 1213 3103 sie
1231 3048 1278 3108 tiis
1295 3054 1486 3109 unmetriscbe

181 3127 313 3185 Gedichte
331 3133 464 3204 gebalten
481 3133 537 3188 wie
556 3133 601 3187 die
619 3133 804 3189 lateinischen
822 3134 960 3190 Psalmeu.

206 3232 210 3240 ¹
266 3259 281 3309 1
301 3253 387 3313 habet
403 3257 451 3312 lls.

267 3383 332 3442 'Abs
345 3387 375 3438 t.
401 3383 432 3438 ln
450 3383 503 3437 den
515 3383 634 3440 ilerden
652 3379 825 3457 nerreopqde
843 3378 957 3452 πνεῦμα.
981 3381 1108 3438 Nov.1”t.
1137 3383 1259 3454 Spiritus
1278 3390 1390 3440 sanctus
1408 3400 1481 3454 prae-

174 3471 296 3528 sentiam
309 3490 393 3527 suum
402 3473 567 3527 ‘hominibus
584 3487 642 3526 nou
660 3471 689 3525 in
707 3471 837 3526 columba
852 3469 1025 3525 solummedo
1039 3471 1093 3525 sed
1106 3473 1195 3526 etiam
1208 3473 1236 3526 in
1250 3473 1316 3544 igne
1330 3469 1483 3543 patefecit;

178 3577 232 3632 per
250 3562 405 3616 columbam
423 3562 525 3632 quippe
541 3560 723 3630 simplicitas,
753 3558 917 3630 perignem
935 3574 1005 3616 reue
1023 3559 1101 3616 selas
1118 3561 1264 3616 indicatur.
1300 3560 1479 3618 incolumia

181 3649 270 3720 igitur
288 3649 362 3704 etin
382 3649 448 3720 igne
467 3649 637 3718 ostenditur,
669 3649 736 3718 quia
755 3647 917 3717 quicumque
943 3643 995 3700 illo
1010 3646 1090 3718 ,pleni
1108 3653 1185 3716 sunt,
1218 3648 1259 3702 sio
1275 3647 1480 3702 mansuetudini

178 3735 367 3806 simplicitatis
390 3736 560 3808 inserviunt,
592 3742 624 3791 ut
648 3741 748 3794 eunuc
772 3733 869 3803 culpas
888 3733 1105 3806 delinquentium
1123 3735 1206 3790 etiam
1223 3735 1286 3790 nelo
1304 3733 1479 3792 rectitudinis

178 3824 372 3880 accendantur.
410 3825 517 3896 (ἕτερον.
535 3842 568 3880 ιιι,
585 3824 685 3880 moral
704 3827 729 3892 1,
747 3827 771 3878 2.
965 3818 967 3824 ’

266 3914 332 3970 Abs.
352 3916 375 3968 5.
403 3915 525 3983 Spiritus
539 3919 657 3970 -sanotus
676 3927 815 3985 compago
835 3910 951 3966 unitatis
969 3927 1021 3982 per
1039 3909 1211 3964 emersum
1229 3909 1363 3966 ιιι-113111
1375 3909 1411 3967 ·S.
1424 3913 1477 3967 Au·

177 4007 272 4074 postici
287 4019 378 4056 sermo
392 4004 453 4070 269,
467 4006 491 4056 2.
510 4007 548 4070 ut,
568 4002 642 4072 qued
660 4001 803 4058 discordia
817 3999 1013 4068 dissipaverat,
1028 3996 1185 4068 colligeret
1202 3999 1307 4056 caritas
1325 4006 1354 4054 et
1367 4000 1478 4058 humani

178 4091 291 4162 generis
310 4096 450 4160 tamquam
467 4090 548 4145 unius
566 4089 695 4160 corporis
712 4089 837 4144 membra
855 4087 982 4156 dispersa
1000 4085 1037 4140 ad
1054 4103 1137 4146 nurum
1151 4093 1235 4160 caput
1244 4088 1389 4146 Christum
1404 4104 1483 4144 com··

175 4179 313 4250 paginata
330 4178 533 4249 redigerentur.
567 4179 656 4246 Ejtrsd.
675 4193 766 4232 sermo
785 4179 844 4232 271.

265 4269 330 4325 Abs.
349 4269 373 4321 9.
401 4269 469 4325 Cum
487 4267 588 4322 dixerit
605 4267 720 4336 aliquis:
740 4282 826 4336 quare
843 4281 924 4320 nemo
939 4264 1065 4335 loquitur
1077 4263 1181 4336 linguis
1196 4266 1316 4323 omnium
1329 4266 1476 4336 gentiunt

173 4355 243 4425 quia
263 4357 325 4428 jam
349 4355 413 4425 ipsa
434 4355 558 4410 ecclesia
581 4353 693 4424 linguis.
710 4354 830 4408 omnium
854 4353 978 4424 gentium
1001 4353 1131 4424 loquitur.
1165 4360 1249 4411 antea
1266 4354 1295 4408 in
1313 4369 1369 4411 una
1389 4357 1476 4423 gente

176 4447 241 4496 erat
259 4443 388 4513 ecclesia,
406 4443 455 4498 ubi
474 4443 594 4498 omnium
610 4442 716 4512 linguis
734 4441 910 4512 loquebatur.
945 4443 1076 4512 depastio.
1095 4443 1123 4496 iu
1141 4457 1240 4512 evang.
1258 4440 1322 4495 Joh.
1340 4443 1389 4508 32,
1414 4442 1430 4506 §
1450 4443 1474 4495 7.

175 4529 258 4585 Libet
285 4531 383 4585 oculos
409 4530 474 4586 fidei
501 4531 530 4585 in
553 4530 686 4586 virtutem
713 4527 821 4602 opificis
849 4530 933 4602 hujus
952 4530 1089 4598 (spiritus
1108 4529 1218 4595 sancti)
1238 4525 1370 4580 attollere
1389 4531 1474 4596 atque

176 4619 297 4687 sparsim
323 4626 420 4688 patres
447 4620 608 4676 testamenti
634 4619 702 4672 novi
731 4634 764 4672 ac
791 4619 896 4673 veteris
924 4618 1111 4672 considerare.
1133 4615 1227 4668 »seeo
1245 4613 1350 4683 apertis
1369 4613 1474 4670 eisdem

173 4706 267 4761 oculis
285 4703 471 4780 fideillarid,
498 4711 600 4780 Amos,
627 4707 784 4778 bamelem,
811 4707 938 4778 Petrum,
963 4705 1277 4776 strumentorum
1294 4702 1419 4774 intueor,
1444 4706 1477 4759 et
