3316 5358
138 548 237 617 Ratio
259 555 335 614 tnnc
357 547 497 612 veritate
819 545 896 614 Noli
917 545 1014 631 flere,
1036 567 1098 616 nec
1120 549 1260 634 tristari,

184 652 273 718 clare
294 651 517 735 illustrabitur,
725 652 767 717 50
862 649 960 716 homo
982 650 1212 736 pusillanimis,

139 755 295 821 memoria
316 751 439 820 summi
461 771 545 840 pace
819 753 1037 837 &confingat
1060 761 1093 817 te
1116 755 1252 838 gravari

182 859 280 944 plene
303 858 501 942 quietabitur
862 856 1029 924 laboribus
1052 858 1171 942 variis,
1405 859 1452 926 eo

136 963 354 1046 voluntasque
377 964 523 1030 bonitate
818 978 879 1025 seu
900 959 1048 1042 graviter
1070 959 1254 1044 impugnari

182 1075 252 1134 tota
273 1065 565 1134 transformabitur.
862 1061 1102 1147 temptamentis
1127 1059 1293 1128 (laemonis.

137 1251 324 1324 'consecuta
341 1256 411 1341 jam
433 1256 592 1342 praedicta
723 1259 765 1321 55
818 1245 870 1314 En
892 1245 999 1328 audis,
1023 1246 1110 1332 quod
1132 1266 1199 1314 non
1221 1247 1394 1334 condigne

57 1387 61 1396 ·
181 1360 278 1444 tons,
300 1361 405 1444 intua,
427 1359 582 1444 undique,
860 1351 1034 1435 passiones
1056 1352 1186 1436 sacal,

137 1471 253 1530 sancta
275 1483 366 1529 mens
389 1483 485 1548 quam
507 1462 679 1532 benedicta
818 1459 870 1518 011
891 1454 1085 1538 PPOmissflum
1111 1461 1178 1520 tam
1199 1454 1327 1538 insigne
1402 1455 1449 1520 ’15

184 1585 295 1632 coram
316 1587 397 1650 rege
419 1567 548 1651 gloriae,
862 1557 1049 1640 sempiterni
1071 1557 1213 1641 praemii,

137 1669 188 1734 sio
211 1675 280 1734 tota
303 1669 542 1736 cucumamicta
818 1677 883 1744 quo
905 1659 1111 1728 donabuntur
1132 1663 1273 1746 benigue

184 1772 341 1838 claritatis
363 1772 499 1840 lumine!
723 1774 782 1854 50Ι
862 1768 969 1834 cuncti
991 1769 1045 1835 dei
1061 1771 1182 1840 famuli.

135 1954 166 2023 0
190 1965 342 2042 qnantum
363 1957 436 2024 haeo
454 1951 653 2043 jocundatur
816 1954 945 2024 Auctor
966 1957 1048 2024 lucis
1070 1966 1104 2025 et
1125 1979 1187 2026 rex
1209 1958 1317 2044 pacis,

182 2063 295 2144 sponsi
316 2080 463 2143 praesens
486 2063 604 2144 vultui,
860 2061 947 2127 dona
968 2061 1173 2148 participium
1401 2058 1451 2127 80

136 2179 236 2246 qnam
258 2162 397 2226 intrasse
419 2161 580 2244 gloriatur
815 2170 882 2227 tuae
904 2166 998 2229 nobis
1022 2167 1180 2233 claritatis

181 2264 390 2348 ingaudium
413 2264 547 2348 domini,
859 2283 921 2348 per
944 2267 1072 2332 unicum
1095 2266 1197 2330 filiam
1241 2295 1246 2306 ·

135 2367 212 2435 cibo
237 2384 365 2450 quoque
387 2367 556 2450 saginatur
722 2369 765 2434 ot
815 2385 942 2453 perque
964 2367 1087 2433 iontem
1111 2367 1258 2434 caritatis
1340 2371 1342 2378 ’

182 2470 298 2535 eodem
321 2488 386 2554 quo
409 2472 528 2556 angeli.
565 2479 569 2488 '
666 2553 670 2560 Ι
860 2473 977 2540 almum
999 2478 1088 2538 tuum
1108 2472 1270 2556 spiritum.

227 2654 275 2712 lla.
299 2655 528 2726 cellarierum,
556 2657 630 2714 ohne
653 2657 800 2728 Nummbr,
829 2659 864 2714 15
887 2659 987 2719 Jahrb.
1027 2658 1079 2716 Die
1096 2657 1219 2720 llelolie
1243 2657 1330 2715 sollte
1347 2655 1453 2730 beige-

134 2742 288 2800 sohrieben
304 2744 435 2815 werden,
468 2745 538 2800 aber
555 2745 600 2801 die
617 2745 818 2802 Notenstricbe
836 2746 900 2804 sind
916 2747 988 2804 laer.

226 2868 262 2921 62
276 2882 412 2939 sponsus,
430 2867 477 2923 lla
513 2869 548 2921 15
566 2871 611 2924 eet
628 2864 702 2924 fehlt
719 2868 771 2925 der
788 2869 834 2925 lla

224 2989 258 3044 V.
276 2993 300 3045 1.
327 2990 413 3048 liudo
437 3005 500 3046 enm
522 2985 579 3045 lide
602 2990 698 3060 vides,
724 2995 791 3046 tunc
815 3005 877 3047 oum
900 2990 995 3063 specie
1018 2991 1137 3047 videbis.
1171 2991 1305 3062 lupam.
1322 2989 1352 3046 in
1368 2989 1381 3048 1
1398 2987 1451 3061 ep.

134 3077 202 3134 lob
219 3081 255 3131 tr.
273 3078 299 3146 6,
317 3079 341 3132 t.

227 3163 260 3218 V.
279 3165 368 3218 1—6.
394 3164 469 3220 Vere
493 3179 622 3237 supernae
644 3165 880 3222 remunerationis
905 3165 1019 3224 divitias
1041 3165 1162 3222 hnmana
1185 3178 1264 3222 mens
1288 3163 1379 3222 nescit
1396 3177 1452 3220 ex·

137 3252 269 3328 pendere.
304 3253 418 3308 namra
435 3253 517 3324 epist
536 3255 561 3322 1,
578 3253 621 3308 20.
805 3249 809 3256 ¹

227 3339 261 3395 V.
278 3343 304 3394 ⁹1.
336 3328 592 3412 5555ὲ1551115515.
624 3339 823 3396 Immortalitas
847 3340 994 3411 corporis,
1025 3356 1089 3412 qnae
1112 3341 1196 3397 uobis
1219 3340 1249 3396 in
1271 3335 1327 3395 tine
1345 3335 1448 3395 futura

137 3427 325 3499 promittitur,
344 3443 406 3485 cum
422 3443 527 3500 magna
544 3428 583 3484 sit
598 3444 660 3498 res,
679 3443 736 3484 non
754 3433 798 3482 eet
815 3425 948 3498 profecto
965 3427 1041 3484 mole
1058 3443 1170 3500 magna,
1188 3426 1325 3486 seilicet
1342 3442 1452 3498 corpo-

137 3514 240 3570 raliter
257 3513 410 3583 habeatur,
429 3514 600 3588 incorporea
618 3514 746 3586 quaedam
764 3513 933 3570 excellentia
950 3519 1001 3570 est.
1036 3515 1171 3586 ,1595151151
1188 3531 1233 3588 ep.
1251 3515 1312 3584 let,
1331 3516 1374 3568 12.

228 3601 261 3655 V.
280 3604 313 3656 13
331 3598 380 3673 lig.
405 3601 460 3659 Ubi
478 3601 610 3673 gaudium
633 3601 694 3656 siue
711 3617 849 3671 maerore,
881 3601 996 3672 requies
1014 3601 1075 3656 sine
1092 3601 1210 3672 labore,
1241 3599 1365 3672 dignitas
1382 3598 1448 3654 sine

136 3693 270 3758 tremore,
290 3706 359 3761 opes
378 3689 438 3744 aine
457 3688 616 3758 amissione,
635 3689 743 3744 sanitas
762 3689 823 3744 sine
841 3687 990 3761 languora,
1008 3688 1181 3745 abundantia
1198 3687 1259 3744 sine
1277 3683 1450 3758 defectione,

136 3776 276 3834 51155155
294 3783 399 3847 morte,
417 3777 592 3848 perpetuitas
611 3776 672 3832 siue
691 3776 888 3848 oomuptione,
906 3775 1053 3834 beatitudo
1071 3778 1132 3832 sine
1151 3775 1319 3834 calamitate
1344 3774 1374 3832 S.
1391 3775 1450 3830 Aa·

135 3868 210 3921 rebat
228 3865 301 3921 Cant.
317 3851 440 3920 meditat.
459 3865 501 3932 11,
519 3861 544 3918 6.
580 3862 731 3934 Scriptura
748 3863 844 3919 divina
862 3863 950 3919 vitam
968 3866 1104 3919 aterum
1120 3864 1150 3918 in
1168 3863 1331 3936 cognitione
1348 3861 1450 3933 posuit

138 3953 297 4009 divinitatis
315 3957 345 4008 et
362 3949 456 4008 fructu
475 3952 557 4008 bonae
575 3949 758 4022 operationis
785 3953 903 4008 Ambrae
921 3951 956 4006 ale
974 3947 1050 4008 offic.
1067 3951 1169 4006 minist.
1185 3954 1211 4020 2,
1228 3953 1255 4008 2.

225 4041 258 4096 V.
276 4043 318 4095 51.
338 4042 379 4094 52.
404 4039 455 4094 illa
478 4036 679 4110 contemplatio
703 4055 836 4096 summam
860 4038 982 4110 quietem
1005 4037 1105 4107 habet,
1137 4053 1201 4108 quae
1223 4037 1253 4094 iu
1271 4041 1380 4094 oeterno
1398 4037 1449 4094 dei

139 4142 231 4200 regno
249 4127 397 4196 tribuitur,
416 4141 522 4182 summa
539 4141 609 4181 vero
628 4125 707 4196 quies
725 4126 778 4182 illa
795 4125 942 4198 praemium
959 4129 1004 4181 eat
1017 4125 1163 4198 justorum
1179 4124 1324 4202 laborum,
1348 4125 1397 4198 qui
1413 4125 1452 4182 in

135 4215 266 4271 eeclesiae
283 4211 489 4271 ministratione
507 4217 690 4286 peraguntur.
725 4214 857 4285 luparea.
876 4215 975 4285 quaest
992 4226 1094 4286 evang.
1110 4213 1138 4284 2,
1154 4213 1199 4269 39.
