3312 5366
1357 287 1421 354 lid

201 471 295 530 Ueber
320 473 364 528 die
382 470 558 545 Einfiihrung
582 473 674 529 dieses
696 473 795 532 liestes
820 473 858 530 im
880 473 952 530 lions
975 489 1010 528 sn
1027 471 1128 544 Speier
1152 471 1262 529 enthilt
1285 471 1336 527 dns
1360 473 1420 529 alte

120 559 262 632 Nekrolog
281 560 330 614 des
349 559 497 618 Dometifts
516 561 574 630 (Bt
593 563 643 631 96)
661 561 699 618 im
717 561 891 618 llarlsruher
904 561 1011 618 Archiv
1028 558 1164 634 folgende
1177 559 1303 632 Angabe.
1330 559 1421 615 festi·

121 648 230 704 vitatem
248 647 393 704 clavorum
411 653 440 704 et
457 648 564 704 lanceae
583 649 687 704 domini
705 649 797 706 nostri
808 650 834 704 J.
849 649 912 706 Chr.
933 648 1055 704 instituit
1073 647 1211 704 celebrari
1225 647 1420 719 sollempniter

121 733 146 788 in
168 734 284 805 organis
312 739 342 790 st
368 750 429 790 oum
458 735 566 791 duobus
592 736 754 792 cantoribus
778 734 915 810 magister
932 735 1079 792 lleinrious
1104 735 1138 790 de
1158 735 1305 804 wasalia,
1335 735 1420 808 hujus

122 820 258 892 Spirensis
286 821 415 876 ecclesiae
439 822 564 876 vicarius
587 828 617 877 et
634 819 786 877 canonicus
804 839 825 877 s
844 821 954 880 florini
972 819 1182 880 confluentinus
1200 827 1230 878 et
1247 839 1268 878 s
1286 821 1373 879 Goari
1390 823 1421 878 in

123 907 224 964 nodum
241 907 443 979 subscriptum:
461 908 641 964 Laudabilem
659 907 861 966 institutionem
879 909 1079 966 sacratissimae
1093 907 1259 966 festivitatis
1273 909 1420 966 olavornnu

123 1001 149 1051 et
163 996 268 1051 lanceae
286 996 390 1052 domini
408 1013 433 1052 n.
451 997 476 1052 J.
495 997 566 1066 chr,
586 1013 648 1067 quae
667 997 768 1052 dudum
785 995 860 1068 apud
878 996 960 1052 divos
978 997 1166 1052 Romanorum
1184 995 1370 1068 imperatores
1390 1001 1420 1052 et

126 1097 203 1154 reges
216 1081 319 1138 habites
338 1089 403 1138 sunt
417 1099 470 1154 pro
489 1083 616 1155 reliquiis
630 1085 719 1138 sacris
737 1088 767 1139 et
785 1083 871 1156 digna
888 1083 1070 1140 veneratione
1088 1082 1284 1152 servabantur,
1301 1087 1331 1138 st
1348 1097 1422 1139 nuno

126 1170 209 1224 denuo
231 1169 425 1226 serenissimus
442 1171 573 1242 princeps
597 1177 627 1226 et
643 1171 770 1228 dominus
794 1176 893 1228 nester
917 1172 990 1228 dons.
1014 1171 1138 1226 Karelos
1154 1175 1271 1242 quartus
1290 1203 1322 1212 -
1341 1171 1420 1228 lions.

126 1256 180 1327 inp.
198 1274 220 1312 s.
238 1273 302 1329 sug.
320 1263 350 1312 et
366 1259 490 1313 Boemiae
507 1275 558 1314 rex
575 1259 638 1315 zelo
656 1259 815 1331 purissimas
833 1259 992 1316 devotionis
1010 1259 1047 1316 ad
1073 1259 1241 1330 condignans
1261 1257 1422 1330 hujusmodi

125 1344 296 1416 reliquiarum
319 1345 529 1400 venerationem
547 1345 668 1416 optinuit
691 1347 728 1401 ab
752 1345 914 1418 apostolica
939 1347 1021 1416 sede,
1053 1347 1144 1420 ipsam
1161 1344 1344 1401 festivitatem
1362 1343 1421 1400 cla·

122 1448 213 1490 rorum
231 1438 260 1488 et
276 1433 384 1498 lanceae
403 1433 507 1490 debere
523 1449 577 1504 per
595 1433 689 1504 ampla
707 1433 847 1490 terrarum
865 1433 959 1504 spatis
973 1435 1065 1492 totins
1081 1432 1236 1492 aleuuie
1253 1437 1284 1488 et
1296 1431 1421 1488 Boeusies

121 1519 331 1591 inquibuslibet
348 1520 476 1576 ecclesiis
495 1520 606 1576 derum
623 1520 861 1578 modulationibus
878 1521 1027 1580 celebrari
1063 1522 1108 1578 ad
1120 1535 1204 1591 qnam
1216 1518 1422 1576 institutione!

121 1606 216 1666 devote
234 1608 425 1680 peragendam
443 1607 534 1666 dictu
553 1607 691 1680 magister
708 1605 855 1666 lleinricus
873 1607 908 1664 de
926 1608 1068 1678 wesalia,
1086 1605 1234 1666 familiaris
1253 1605 1422 1664 domssdcu

121 1694 201 1766 ipsius
219 1695 324 1751 domini
341 1695 539 1766 imperatoris,
572 1694 744 1766 singularem
762 1691 941 1750 effectorem
959 1710 1076 1766 gerens,
1109 1695 1144 1752 de
1162 1711 1215 1752 suo
1233 1693 1352 1766 proprio
1371 1693 1423 1750 do·

121 1783 192 1838 navit
208 1787 321 1838 oentm
340 1779 464 1840 menos
487 1781 551 1839 auri
575 1781 612 1838 ad
629 1781 694 1852 pios
712 1798 779 1838 usus
797 1781 1014 1852 praesentiarum
1031 1782 1113 1838 istius
1131 1780 1274 1852 Spirensis
1291 1779 1422 1838 sabeis

121 1875 148 1924 et
161 1870 282 1928 omnium
300 1887 499 1942 personarum,
522 1871 639 1928 eandem
656 1870 838 1942 presentiam
855 1871 885 1928 in
902 1870 1006 1940 choro,
1031 1873 1061 1926 et
1078 1885 1136 1926 non
1152 1867 1237 1936 alubi,
1260 1867 1423 1924 deservien-

121 1959 190 2018 dum.
225 1961 309 2020 Ann'o
326 1963 404 2026 13⁷0,

203 2087 237 2144 ln
255 2085 305 2141 der
323 2085 385 2155 lle,
415 2100 532 2142 seorsus
558 2085 603 2141 die
627 2083 782 2157 folgenden
804 2067 906 2140 lieder
928 2083 980 2138 No.
999 2081 1150 2136 lad-133
1168 2091 1333 2151 gencmmen
1351 2073 1422 2133 sind,

121 2176 189 2230 steht
205 2175 254 2230 die
272 2175 355 2232 Bulle
374 2175 423 2230 des
444 2174 566 2245 Papstes
579 2173 716 2231 lsnooesu
729 2172 775 2242 Vl,
792 2171 930 2229 woduch
944 2167 998 2226 suf
1006 2169 1154 2240 Brpehren
1168 2165 1268 2224 Kaisar
1282 2161 1367 2220 Ksrls
1377 2159 1423 2218 IV.

120 2263 166 2320 das
182 2265 251 2320 lieet
274 2263 324 2320 der
341 2259 435 2334 Neget
458 2261 515 2318 und
532 2261 625 2318 lanne
647 2260 677 2316 in
695 2257 882 2316 'l'entschland
909 2255 1074 2328 singefdhrt
1093 2253 1200 2310 wurde.
1234 2253 1272 2308 Es
1291 2250 1330 2306 ist
1347 2249 1422 2304 hier·

119 2351 186 2406 nach
201 2349 452 2417 wahrscheinlich,
471 2348 537 2404 dass
556 2348 628 2403 auch
646 2363 703 2401 von
721 2346 868 2403 teutschen
886 2345 1019 2400 Dichtern
1033 2343 1160 2413 llymnen
1178 2337 1232 2396 anf
1246 2339 1339 2394 dieses
1354 2335 1423 2390 rest

118 2439 246 2510 gemacht
262 2437 399 2506 wurden,
423 2452 507 2492 wouu
525 2435 569 2490 die
589 2433 748 2504 Antiphone
767 2433 819 2487 No.
838 2433 890 2485 132
909 2431 1021 2504 gehbrt
1057 2430 1157 2484 Devou
1174 2441 1250 2487 mnss
1268 2438 1332 2478 man
1350 2420 1423 2476 eber

118 2527 158 2582 die
174 2527 358 2584 liederuou
385 2527 437 2582 der
454 2524 658 2588 Dornenkrone
685 2520 914 2590 unterscheiden,
946 2519 1002 2574 wie
1029 2517 1080 2572 No.
1099 2513 1266 2580 134-136,
1298 2509 1343 2564 die
1361 2507 1423 2564 wol

117 2614 317 2675 meistcnthcils
336 2631 393 2672 von
412 2613 580 2686 spanischen
602 2607 773 2674 Verfassern
792 2607 955 2662 herriihren.
991 2595 1061 2662 Jene
1079 2601 1178 2658 hieder
1201 2615 1259 2656 von
1276 2595 1424 2654 teutschen

116 2701 330 2764 Dichternsind
348 2703 425 2759 nicht
443 2701 517 2756 diter
535 2700 579 2756 ele
599 2698 644 2754 dic
664 2695 766 2752 aweite
785 2692 881 2751 llilfte
899 2694 950 2748 des
969 2693 1003 2746 lb
1020 2690 1117 2748 Jahrb

330 3076 414 3150 128.
460 3074 504 3145 In
538 3070 629 3142 festo
654 3069 834 3173 clavos-uns
861 3077 896 3136 et
921 3063 1051 3135 lanceae
1076 3061 1216 3134 domini.

552 3189 702 3306 hymnus
729 3186 774 3258 ad
799 3187 996 3260 matutinos.

380 3401 533 3468 Paschali
550 3400 656 3485 jubilo
675 3399 791 3483 juncta
813 3397 877 3460 sint
895 3393 1015 3477 gaudia

382 3513 417 3569 et
439 3523 510 3570 cum
531 3502 698 3588 praeconio
720 3519 807 3564 nova
829 3498 1014 3579 sollemnia,

376 3585 412 3674 in
434 3609 498 3672 hoc
521 3605 661 3689 tripudio
680 3606 743 3668 sint
764 3605 798 3668 in
819 3604 973 3668 memoria

447 3731 542 3794 crux,
567 3711 680 3776 olavus
701 3716 736 3772 et
757 3709 881 3772 lancea.

382 3898 472 3965 Crux
494 3895 581 3982 apud
602 3895 723 3960 inferos
746 3892 865 3976 spoliat
886 3895 1059 3966 tartarum,

387 4024 466 4069 crux
490 4000 577 4086 apud
599 4017 736 4082 superos
759 3997 878 4061 sanctis
902 3994 957 4058 dat
978 3987 1146 4074 praemium

379 4116 413 4174 ct
435 4127 535 4192 super
558 4105 694 4189 angelos
716 4101 900 4167 transmittit
923 4097 1103 4174 dominum3
1156 4149 1158 4153 ,

449 4209 594 4296 gaudent
615 4227 719 4290 regna
741 4205 892 4270 caelestia.

387 4394 509 4460 Clavus
532 4393 607 4457 dum
629 4391 740 4474 figitur
761 4391 794 4452 in
817 4387 869 4451 dei
891 4387 1036 4450 manibus

384 4509 418 4566 et
441 4500 516 4565 dum
540 4495 724 4562 confoditur
745 4495 778 4558 in
802 4491 902 4556 sacris
924 4489 1076 4574 pedibus,

388 4623 509 4689 corpus
531 4605 579 4668 sio
602 4601 776 4683 frangitur,
800 4613 864 4680 quo
887 4591 1151 4678 pronominibus

456 4728 578 4791 magna
597 4691 772 4774 fundumn'r
793 4700 932 4770 flumine
