3312 5366
129 509 160 574 3.
182 505 246 572 Per
268 505 395 571 unionm
858 520 940 566 vera
961 512 1170 585 peecatorum

181 616 289 674 natum
311 615 414 690 tunm,
858 604 1083 688 restitutioque

180 719 291 777 sanote
313 717 426 795 pater,
449 727 560 773 veram
858 707 960 770 omnis
978 709 1172 775 innocentiae

178 816 278 880 vitam
301 813 382 878 dans
405 812 447 878 ad
469 817 620 892 mortem;
858 815 955 890 atque
979 811 1158 875 sanctitatis

179 945 305 1013 Natura
329 946 384 1029 qui
713 947 751 1006 15
858 909 996 976 donator
1017 913 1152 978 eximiae.

180 1059 214 1116 te
236 1049 506 1131 1111111111,
805 1075 834 1136 1.
855 1073 926 1140 nisi
948 1077 1091 1140 creatori
1388 1080 1431 1144 eo

180 1153 343 1238 Christussr
367 1155 517 1236 dignatus
541 1171 595 1236 0⁸2
856 1179 898 1242 sit
919 1179 1003 1261 patri
1029 1179 1249 1262 principatus,

127 1318 158 1380 1.
180 1313 223 1382 Et
245 1335 316 1379 eam
337 1333 399 1399 pro
421 1315 566 1398 peooatis
859 1315 931 1381 Tibi
952 1317 1151 1402 redemptori

179 1418 325 1483 humanis
347 1420 434 1502 patri
457 1426 512 1484 tuo
858 1418 900 1480 sit
921 1438 1058 1501 regnum
1080 1419 1160 1485 «lesu
1184 1418 1315 1485 Christo

181 1521 325 1606 obtulisti
347 1526 516 1604 aooeptum
711 1520 753 1583 20

179 1623 214 1686 in
236 1622 438 1688 saorifioium.
807 1583 836 1644 7‘
860 1577 1058 1664 spirituique

859 1683 1090 1748 sanctificatori

127 1786 157 1850 5.
181 1781 391 1850 sanctissime
414 1786 545 1869 spiritus

179 1887 283 1969 patris
305 1886 442 1970 filiique,
858 1821 902 1886 Et
924 1822 1068 1887 cordium

857 1922 1064 1987 illuminatori

179 2021 338 2087 Remissio
362 2023 501 2088 omnium
856 2045 977 2112 perpes
1000 2034 1156 2112 potestas.

213 2174 260 2230 Hs.
279 2191 313 2228 nn
331 2173 475 2230 Miinehen.
502 2172 570 2228 Clm
590 2173 683 2226 11083.
713 2170 733 2226 f.
752 2177 794 2228 19.
821 2178 854 2228 11
873 2178 1190 2235 1111111111111111111

214 2263 264 2317 Die
282 2263 329 2317 lls.
342 2263 394 2318 No.
409 2263 444 2316 66
462 2279 496 2316 zu
509 2261 650 2339 Ereibnrg
668 2277 719 2316 ans
738 2261 801 2316 (lem
815 2263 956 2318 1511111
976 2267 1085 2322 11111111
1107 2268 1170 2322 eine
1189 2283 1291 2340 grosse
1304 2267 1433 2338 Sequens

127 2347 182 2406 anf
195 2349 249 2406 (len
266 2350 293 2404 11.
311 2349 390 2406 (ieist
407 2349 437 2404 in
455 2352 489 2403 22
508 2348 651 2403 Absiitnen
669 2347 726 2401 und
743 2347 771 2401 in
790 2348 875 2404 Form
893 2350 944 2404 der
962 2351 1128 2422 Troparien,
1147 2354 1193 2407 die
1211 2355 1264 2409 mir
1278 2354 1430 2409 anderswo

126 2439 201 2495 noch
231 2439 308 2494 nieht
339 2438 567 2510 vorgekommen.
603 2436 659 2490 Der
684 2432 875 2491 Absohreiber
905 2439 1043 2493 verstand
1069 2440 1138 2495 aber
1170 2440 1215 2495 lie
1249 2439 1456 2496 verwielrelte·

126 2527 253 2597 Spraehe
272 2525 419 2580 derselben
436 2524 527 2592 nieht,
555 2522 611 2577 und
629 2521 739 2577 maehte
758 2523 845 2578 daher
865 2539 898 2578 so
917 2524 991 2578 viele
1013 2525 1130 2598 Fehler,
1155 2527 1220 2582 dass
1238 2529 1285 2584 ioh
1302 2529 1380 2583 nieht
1396 2528 1435 2582 im

126 2613 240 2670 Stante
258 2612 321 2682 bin,
348 2612 402 2666 den
419 2612 491 2666 'l'ext
508 2609 558 2666 mit
576 2610 738 2666 Sieherlreit
755 2611 946 2676 hernustellen
964 2612 1021 2668 und
1037 2613 1112 2670 mich
1133 2614 1237 2672 darauf
1251 2617 1434 2687 besehriinlre,

126 2704 221 2776 einige
238 2699 504 2772 Anfangsstnophen
521 2699 583 2753 hier
602 2716 652 2753 nur
670 2699 790 2754 weitern
808 2697 1045 2774 Naohforsohnng
1063 2703 1263 2760 mitzutheilen.

217 2794 241 2845 1.
259 2788 360 2859 Pater,
379 2789 415 2844 da
431 2803 483 2860 per
500 2788 616 2842 verbum
635 2787 717 2842 nobis
736 2784 928 2858 septiformem
946 2788 1091 2860 spiritum,

215 2879 312 2948 1011
335 2883 452 2949 septena
476 2876 623 2948 signacula
649 2875 820 2946 consignans
846 2875 891 2944 (1)
919 2874 1018 2931 deceat
1042 2877 1075 2947 (1
1101 2877 1218 2948 doceat)
1242 2895 1296 2934 nos
1321 2894 1431 2934 omnem

103 3020 106 3026 ,
123 2967 265 3039 justitiam
284 2970 312 3021 11
330 2965 449 3021 devotos
468 2963 506 3034 (1
525 2964 679 3032 devotum)
705 2978 755 3018 oor
773 2962 900 3016 excitans
917 2963 946 3017 in
964 2979 1064 3034 preces
1082 2967 1223 3037 provehat
1240 2981 1293 3037 per
1310 2965 1431 3022 beatitu-

127 3053 226 3109 (linem.

218 3144 243 3196 3.
262 3141 357 3196 Timor
373 3141 406 3211 (l.
425 3139 543 3208 timore)
568 3138 672 3194 domini
685 3137 787 3211 judieii
805 3137 922 3194 clamem
939 3153 1045 3192 summo
1059 3138 1162 3210 judieii
1179 3141 1212 3209 (l.
1229 3141 1351 3213 judici),
1377 3158 1431 3198 nos

128 3223 756 3302 1111111111111111111111111111111111111,
775 3224 877 3280 reddat
895 3221 1036 3295 supplices
1055 3230 1085 3280 et
1103 3227 1203 3297 spiritu
1220 3243 1362 3301 pauperes
1381 3235 1432 3286 eto.

215 3351 248 3405 V.
268 3351 309 3404 10.
336 3355 468 3404 11111111
486 3348 577 3403 heisst
595 3347 672 3402 nicht
689 3351 833 3419 ergiitnen,
852 3349 975 3404 sondern
992 3349 1100 3404 wieder
1118 3350 1283 3422 erschailen,
1302 3351 1375 3407 denn
1389 3353 1435 3408 die

129 3437 273 3510 Erltisung
290 3454 354 3493 war
373 3438 434 3492 eine
452 3437 554 3492 nweite
572 3432 748 3506 Sohtipfnng,
766 3436 822 3490 wie
840 3436 882 3490 sie
900 3437 1057 3492 manohmal
1075 3446 1200 3509 genennt
1217 3440 1297 3494 wirtl
1329 3440 1434 3496 Danum

130 3527 220 3582 heisst
239 3527 367 3584 Christus
386 3526 437 3580 der
456 3542 526 3580 nene
544 3525 640 3580 Adam.
676 3525 753 3579 Duas
771 3524 935 3580 nativitates
954 3526 1105 3596 attendite,
1129 3527 1219 3585 Adam
1237 3531 1266 3582 11
1284 3527 1434 3595 Christum,

130 3614 185 3669 dno
205 3619 270 3669 sunt
287 3613 427 3681 homines,
455 3611 505 3666 sed
528 3629 598 3667 nnus
623 3611 748 3682 ipsorum
772 3613 856 3668 homo
876 3613 976 3681 homo,
1008 3614 1082 3669 alter
1099 3615 1225 3685 ipsorum
1248 3615 1331 3669 homo
1350 3611 1434 3682 dens;

129 3717 181 3772 per
208 3700 347 3756 hominem
374 3699 513 3754 hominem
540 3705 707 3770 peccatores
739 3717 846 3769 sumus,
878 3717 930 3771 per
956 3701 1096 3757 hominem
1128 3703 1208 3756 deum
1235 3698 1432 3774 justificamur.

130 3789 265 3844 nativitas
292 3789 344 3842 illa
370 3787 475 3861 dejecit
501 3789 538 3843 ad
564 3793 697 3857 mortem,
729 3787 785 3842 ista
812 3787 947 3844 nativitas
975 3789 1066 3844 erexit
1093 3790 1129 3844 al
1152 3787 1246 3842 vitam
1282 3788 1385 3857 loquat.
1403 3786 1433 3841 in

131 3877 382 3946 1111111111.

490 4081 572 4155 199.
599 4082 709 4152 Horae
737 4079 781 4152 de
802 4109 829 4154 s.
857 4071 1087 4156 sacramento.
1182 4185 1184 4190 X

647 4257 697 4326 od
720 4260 917 4346 multatione.

388 4403 545 4488 Corporis
567 4406 755 4486 mysterium
777 4426 887 4488 pange
910 4405 1045 4487 gloriosi

391 4516 488 4592 atque
512 4506 632 4571 Christi
654 4509 820 4590 sanguinis
843 4510 954 4591 lingua
976 4511 1127 4594 pretiosi,

392 4631 487 4695 quem
509 4611 543 4674 in
565 4610 674 4675 mnndi
695 4613 835 4695 pretium
856 4613 980 4676 ventris
1003 4614 1156 4694 generosi
1247 4631 1249 4636 ’

391 4715 514 4780 fruetus
537 4713 749 4797 damnumque
772 4714 927 4782 daemonis
949 4715 1031 4781 fudit
1053 4715 1217 4780 venenosi.

174 4843 261 4898 Mene,
277 4843 361 4892 leteln.
377 4844 500 4901 Hymnen.
527 4829 551 4892 l.
1180 4823 1224 4886 17
