<?xml version="1.0" encoding="UTF-8"?>
<!DOCTYPE html PUBLIC "-//W3C//DTD XHTML 1.0 Transitional//EN"
    "http://www.w3.org/TR/xhtml1/DTD/xhtml1-transitional.dtd">
<html xmlns="http://www.w3.org/1999/xhtml" xml:lang="en" lang="en">
 <head>
  <title>
</title>
<meta http-equiv="Content-Type" content="text/html;charset=utf-8" />
  <meta name='ocr-system' content='tesseract 3.04.00' />
  <meta name='ocr-capabilities' content='ocr_page ocr_carea ocr_par ocr_line ocrx_word'/>
</head>
<body>
  <div class='ocr_page' id='page_1' title='image "./hymnilatinimedi01monegoog_0329.png"; bbox 0 0 3324 5358; ppageno 0'>
   <div class='ocr_carea' id='block_1_1' title="bbox 185 291 254 360">
    <p class='ocr_par' dir='ltr' id='par_1_1' title="bbox 185 291 254 360">
     <span class='ocr_line' id='line_1_1' title="bbox 185 291 254 360; baseline 0 -1"><span class='ocrx_word' id='word_1_1' title='bbox 185 291 254 360; x_wconf 77' lang='grc'><strong>316</strong></span> 
     </span>
    </p>
   </div>
   <div class='ocr_carea' id='block_1_2' title="bbox 184 466 1499 656">
    <p class='ocr_par' dir='ltr' id='par_1_2' title="bbox 184 466 1499 656">
     <span class='ocr_line' id='line_1_2' title="bbox 184 466 1331 559; baseline -0.01 -12"><span class='ocrx_word' id='word_1_2' title='bbox 184 476 239 547; x_wconf 84' lang='lat' dir='ltr'><strong>Ab</strong></span> <span class='ocrx_word' id='word_1_3' title='bbox 262 477 312 542; x_wconf 89' lang='lat' dir='ltr'><strong>his</strong></span> <span class='ocrx_word' id='word_1_4' title='bbox 335 477 484 544; x_wconf 75' lang='lat' dir='ltr'><strong>addiscat</strong></span> <span class='ocrx_word' id='word_1_5' title='bbox 506 479 643 559; x_wconf 87' lang='lat' dir='ltr'><strong>animus,</strong></span> <span class='ocrx_word' id='word_1_6' title='bbox 865 467 1009 552; x_wconf 75' lang='lat' dir='ltr'>Quisque</span> <span class='ocrx_word' id='word_1_7' title='bbox 1030 466 1123 534; x_wconf 85' lang='lat' dir='ltr'><strong>iestis</strong></span> <span class='ocrx_word' id='word_1_8' title='bbox 1146 469 1331 536; x_wconf 89' lang='lat' dir='ltr'><strong>celebribus</strong></span> 
     </span>
     <span class='ocr_line' id='line_1_3' title="bbox 184 570 1499 656; baseline -0.008 -8"><span class='ocrx_word' id='word_1_9' title='bbox 184 588 220 648; x_wconf 92' lang='lat' dir='ltr'><strong>nt</strong></span> <span class='ocrx_word' id='word_1_10' title='bbox 243 579 358 646; x_wconf 91' lang='lat' dir='ltr'><strong>diebus</strong></span> <span class='ocrx_word' id='word_1_11' title='bbox 381 580 564 647; x_wconf 76' lang='lat' dir='ltr'><strong>celebribus</strong></span> <span class='ocrx_word' id='word_1_12' title='bbox 864 571 913 637; x_wconf 90' lang='lat' dir='ltr'><strong>sic</strong></span> <span class='ocrx_word' id='word_1_13' title='bbox 935 570 989 636; x_wconf 88' lang='lat' dir='ltr'><strong>dei</strong></span> <span class='ocrx_word' id='word_1_14' title='bbox 1009 577 1108 636; x_wconf 85' lang='lat' dir='ltr'><strong>vacat</strong></span> <span class='ocrx_word' id='word_1_15' title='bbox 1124 570 1284 656; x_wconf 81' lang='lat' dir='ltr'><strong>laudibus,</strong></span> <span class='ocrx_word' id='word_1_16' title='bbox 1454 573 1499 637; x_wconf 87' lang='grc'><strong>90</strong></span> 
     </span>
    </p>
   </div>
   <div class='ocr_carea' id='block_1_3' title="bbox 185 672 1318 853">
    <p class='ocr_par' dir='ltr' id='par_1_3' title="bbox 185 672 1318 853">
     <span class='ocr_line' id='line_1_4' title="bbox 185 672 1272 768; baseline -0.012 -17"><span class='ocrx_word' id='word_1_17' title='bbox 185 683 278 768; x_wconf 89' lang='lat' dir='ltr'><strong>quies</strong></span> <span class='ocrx_word' id='word_1_18' title='bbox 301 680 372 766; x_wconf 90' lang='lat' dir='ltr'><strong>ejus</strong></span> <span class='ocrx_word' id='word_1_19' title='bbox 395 699 454 747; x_wconf 86' lang='lat' dir='ltr'><strong>seu</strong></span> <span class='ocrx_word' id='word_1_20' title='bbox 475 682 574 746; x_wconf 88' lang='lat' dir='ltr'><strong>motio</strong></span> <span class='ocrx_word' id='word_1_21' title='bbox 865 673 899 738; x_wconf 89' lang='lat' dir='ltr'><strong>in</strong></span> <span class='ocrx_word' id='word_1_22' title='bbox 921 690 958 738; x_wconf 91' lang='lat' dir='ltr'><strong>se</strong></span> <span class='ocrx_word' id='word_1_23' title='bbox 979 673 1053 757; x_wconf 90' lang='lat' dir='ltr'><strong>ipso</strong></span> <span class='ocrx_word' id='word_1_24' title='bbox 1075 672 1130 740; x_wconf 92' lang='lat' dir='ltr'><strong>hic</strong></span> <span class='ocrx_word' id='word_1_25' title='bbox 1151 675 1272 758; x_wconf 87' lang='lat' dir='ltr'><strong>optime</strong></span> 
     </span>
     <span class='ocr_line' id='line_1_5' title="bbox 185 775 1318 853; baseline -0.01 0"><span class='ocrx_word' id='word_1_26' title='bbox 185 787 297 853; x_wconf 90' lang='lat' dir='ltr'><strong>divina</strong></span> <span class='ocrx_word' id='word_1_27' title='bbox 318 785 360 850; x_wconf 88' lang='lat' dir='ltr'><strong>sit</strong></span> <span class='ocrx_word' id='word_1_28' title='bbox 380 783 533 852; x_wconf 90' lang='lat' dir='ltr'><strong>laudatio.</strong></span> <span class='ocrx_word' id='word_1_29' title='bbox 866 775 929 842; x_wconf 86' lang='lat' dir='ltr'><strong>scit</strong></span> <span class='ocrx_word' id='word_1_30' title='bbox 949 783 1080 843; x_wconf 87' lang='lat' dir='ltr'><strong>sanctos</strong></span> <span class='ocrx_word' id='word_1_31' title='bbox 1103 775 1174 842; x_wconf 88' lang='lat' dir='ltr'><strong>dies</strong></span> <span class='ocrx_word' id='word_1_32' title='bbox 1196 777 1318 842; x_wconf 89' lang='lat' dir='ltr'><strong>colere.</strong></span> 
     </span>
    </p>
   </div>
   <div class='ocr_carea' id='block_1_4' title="bbox 185 917 1498 1323">
    <p class='ocr_par' dir='ltr' id='par_1_4' title="bbox 185 917 1320 1014">
     <span class='ocr_line' id='line_1_6' title="bbox 185 917 1320 1014; baseline -0.009 -17"><span class='ocrx_word' id='word_1_33' title='bbox 185 930 235 997; x_wconf 89' lang='lat' dir='ltr'><strong>De</strong></span> <span class='ocrx_word' id='word_1_34' title='bbox 256 928 350 997; x_wconf 86' lang='lat' dir='ltr'><strong>bonis</strong></span> <span class='ocrx_word' id='word_1_35' title='bbox 367 929 439 1014; x_wconf 86' lang='lat' dir='ltr'><strong>jam</strong></span> <span class='ocrx_word' id='word_1_36' title='bbox 461 927 612 995; x_wconf 83' lang='lat' dir='ltr'><strong>exhibitis</strong></span> <span class='ocrx_word' id='word_1_37' title='bbox 768 924 812 990; x_wconf 88' lang='lat'><strong>85</strong></span> <span class='ocrx_word' id='word_1_38' title='bbox 857 917 941 990; x_wconf 69' lang='lat' dir='ltr'><strong>‘Hoc</strong></span> <span class='ocrx_word' id='word_1_39' title='bbox 961 921 1056 988; x_wconf 91' lang='lat' dir='ltr'><strong>nobis</strong></span> <span class='ocrx_word' id='word_1_40' title='bbox 1078 921 1121 988; x_wconf 90' lang='lat' dir='ltr'><strong>da</strong></span> <span class='ocrx_word' id='word_1_41' title='bbox 1141 922 1320 1008; x_wconf 88' lang='lat' dir='ltr'><strong>perficere,</strong></span> 
     </span>
    </p>

    <p class='ocr_par' dir='ltr' id='par_1_5' title="bbox 188 1024 1313 1124">
     <span class='ocr_line' id='line_1_7' title="bbox 188 1024 1313 1124; baseline -0.005 -24"><span class='ocrx_word' id='word_1_42' title='bbox 188 1054 248 1100; x_wconf 86' lang='lat' dir='ltr'><strong>seu</strong></span> <span class='ocrx_word' id='word_1_43' title='bbox 270 1032 311 1098; x_wconf 91' lang='lat' dir='ltr'><strong>de</strong></span> <span class='ocrx_word' id='word_1_44' title='bbox 333 1033 433 1099; x_wconf 84' lang='lat' dir='ltr'><strong>futuri</strong></span> <span class='ocrx_word' id='word_1_45' title='bbox 453 1029 610 1124; x_wconf 87' lang='lat' dir='ltr'><strong>temporis</strong></span> <span class='ocrx_word' id='word_1_46' title='bbox 867 1042 929 1090; x_wconf 87' lang='lat' dir='ltr'><strong>rex</strong></span> <span class='ocrx_word' id='word_1_47' title='bbox 951 1024 1158 1109; x_wconf 82' lang='lat' dir='ltr'><strong>sempiternae</strong></span> <span class='ocrx_word' id='word_1_48' title='bbox 1180 1027 1313 1111; x_wconf 82' lang='lat' dir='ltr'><strong>gloriae,</strong></span> 
     </span>
    </p>

    <p class='ocr_par' dir='ltr' id='par_1_6' title="bbox 186 1127 1498 1323">
     <span class='ocr_line' id='line_1_8' title="bbox 186 1127 1498 1216; baseline -0.005 -13"><span class='ocrx_word' id='word_1_49' title='bbox 186 1136 299 1203; x_wconf 89' lang='lat' dir='ltr'><strong>laudet</strong></span> <span class='ocrx_word' id='word_1_50' title='bbox 321 1134 416 1202; x_wconf 90' lang='lat' dir='ltr'><strong>deum</strong></span> <span class='ocrx_word' id='word_1_51' title='bbox 437 1135 612 1215; x_wconf 86' lang='lat' dir='ltr'><strong>vivaciter,</strong></span> <span class='ocrx_word' id='word_1_52' title='bbox 868 1127 912 1194; x_wconf 86' lang='lat' dir='ltr'><strong>ad</strong></span> <span class='ocrx_word' id='word_1_53' title='bbox 932 1127 980 1193; x_wconf 88' lang='lat' dir='ltr'><strong>tui</strong></span> <span class='ocrx_word' id='word_1_54' title='bbox 1001 1127 1131 1216; x_wconf 82' lang='lat' dir='ltr'><strong>laudem</strong></span> <span class='ocrx_word' id='word_1_55' title='bbox 1153 1133 1290 1198; x_wconf 89' lang='lat' dir='ltr'><strong>nominis</strong></span> <span class='ocrx_word' id='word_1_56' title='bbox 1455 1133 1498 1197; x_wconf 86' lang='grc'><strong>95</strong></span> 
     </span>
     <span class='ocr_line' id='line_1_9' title="bbox 187 1229 1357 1323; baseline -0.009 -16"><span class='ocrx_word' id='word_1_57' title='bbox 187 1241 387 1323; x_wconf 80' lang='lat' dir='ltr'><strong>mentaliter,</strong></span> <span class='ocrx_word' id='word_1_58' title='bbox 410 1238 579 1306; x_wconf 86' lang='lat' dir='ltr'><strong>vocaliter.</strong></span> <span class='ocrx_word' id='word_1_59' title='bbox 870 1229 1103 1296; x_wconf 90' lang='lat' dir='ltr'><strong>concinendam</strong></span> <span class='ocrx_word' id='word_1_60' title='bbox 1126 1251 1199 1300; x_wconf 90' lang='lat' dir='ltr'><strong>cum</strong></span> <span class='ocrx_word' id='word_1_61' title='bbox 1221 1233 1357 1317; x_wconf 84' lang='lat' dir='ltr'><strong>angelis.</strong></span> 
     </span>
    </p>
   </div>
   <div class='ocr_carea' id='block_1_5' title="bbox 276 1397 1267 1570">
    <p class='ocr_par' dir='ltr' id='par_1_7' title="bbox 276 1397 1267 1570">
     <span class='ocr_line' id='line_1_10' title="bbox 278 1397 1267 1470; baseline -0.015 -4"><span class='ocrx_word' id='word_1_62' title='bbox 278 1409 326 1465; x_wconf 82' lang='lat' dir='ltr'><strong>lia</strong></span> <span class='ocrx_word' id='word_1_63' title='bbox 344 1425 380 1466; x_wconf 82' lang='lat' dir='ltr'><strong>eu</strong></span> <span class='ocrx_word' id='word_1_64' title='bbox 397 1406 554 1464; x_wconf 86' lang='lat' dir='ltr'><strong>Karlsruhe</strong></span> <span class='ocrx_word' id='word_1_65' title='bbox 572 1403 646 1459; x_wconf 91' lang='lat' dir='ltr'><strong>ohne</strong></span> <span class='ocrx_word' id='word_1_66' title='bbox 663 1398 812 1470; x_wconf 85' lang='lat' dir='ltr'><strong>Nummer,</strong></span> <span class='ocrx_word' id='word_1_67' title='bbox 831 1398 866 1450; x_wconf 81' lang='lat' dir='ltr'><strong>lo</strong></span> <span class='ocrx_word' id='word_1_68' title='bbox 883 1397 982 1454; x_wconf 80' lang='lat' dir='ltr'><strong>Jahrb.</strong></span> <span class='ocrx_word' id='word_1_69' title='bbox 999 1397 1051 1456; x_wconf 88' lang='lat' dir='ltr'><strong>mit</strong></span> <span class='ocrx_word' id='word_1_70' title='bbox 1069 1397 1120 1454; x_wconf 89' lang='lat' dir='ltr'><strong>der</strong></span> <span class='ocrx_word' id='word_1_71' title='bbox 1137 1398 1267 1458; x_wconf 88' lang='lat' dir='ltr'><strong>llelodie.</strong></span> 
     </span>
     <span class='ocr_line' id='line_1_11' title="bbox 276 1499 889 1570; baseline -0.016 -2"><span class='ocrx_word' id='word_1_72' title='bbox 276 1515 312 1570; x_wconf 81' lang='lat'><strong>59</strong></span> <span class='ocrx_word' id='word_1_73' title='bbox 330 1513 376 1568; x_wconf 91' lang='lat' dir='ltr'><strong>dei</strong></span> <span class='ocrx_word' id='word_1_74' title='bbox 392 1509 465 1567; x_wconf 80' lang='lat' dir='ltr'><strong>fehlt</strong></span> <span class='ocrx_word' id='word_1_75' title='bbox 482 1511 511 1564; x_wconf 89' lang='lat' dir='ltr'><strong>in</strong></span> <span class='ocrx_word' id='word_1_76' title='bbox 529 1507 580 1565; x_wconf 89' lang='lat' dir='ltr'><strong>dor</strong></span> <span class='ocrx_word' id='word_1_77' title='bbox 597 1507 645 1562; x_wconf 86' lang='lat' dir='ltr'><strong>Hs.</strong></span> <span class='ocrx_word' id='word_1_78' title='bbox 680 1505 716 1557; x_wconf 75' lang='lat' dir='ltr'><strong>&#39;ti</strong></span> <span class='ocrx_word' id='word_1_79' title='bbox 734 1517 796 1557; x_wconf 88' lang='lat' dir='ltr'><strong>cum</strong></span> <span class='ocrx_word' id='word_1_80' title='bbox 809 1499 889 1558; x_wconf 82' lang='lat' dir='ltr'><strong>fehlt</strong></span> 
     </span>
    </p>
   </div>
   <div class='ocr_carea' id='block_1_6' title="bbox 190 1605 1506 4230">
    <p class='ocr_par' dir='ltr' id='par_1_8' title="bbox 190 1605 1500 1783">
     <span class='ocr_line' id='line_1_12' title="bbox 276 1605 1500 1685; baseline -0.004 -12"><span class='ocrx_word' id='word_1_81' title='bbox 276 1617 310 1672; x_wconf 84' lang='lat' dir='ltr'><strong>V.</strong></span> <span class='ocrx_word' id='word_1_82' title='bbox 329 1621 353 1674; x_wconf 94' lang='lat'><strong>1.</strong></span> <span class='ocrx_word' id='word_1_83' title='bbox 380 1617 441 1672; x_wconf 86' lang='lat' dir='ltr'><strong>dies</strong></span> <span class='ocrx_word' id='word_1_84' title='bbox 459 1614 604 1682; x_wconf 82' lang='lat' dir='ltr'><strong>celebres,</strong></span> <span class='ocrx_word' id='word_1_85' title='bbox 632 1611 678 1666; x_wconf 92' lang='lat' dir='ltr'><strong>die</strong></span> <span class='ocrx_word' id='word_1_86' title='bbox 695 1609 830 1681; x_wconf 71' lang='lat' dir='ltr'><strong>liesttage</strong></span> <span class='ocrx_word' id='word_1_87' title='bbox 854 1607 967 1664; x_wconf 84' lang='lat' dir='ltr'><strong>hiessen</strong></span> <span class='ocrx_word' id='word_1_88' title='bbox 991 1609 1116 1682; x_wconf 81' lang='lat' dir='ltr'><strong>beiden</strong></span> <span class='ocrx_word' id='word_1_89' title='bbox 1134 1605 1271 1668; x_wconf 86' lang='lat' dir='ltr'><strong>Griechen</strong></span> <span class='ocrx_word' id='word_1_90' title='bbox 1294 1607 1434 1685; x_wconf 83' lang='grc' dir='ltr'><strong><em>πανδήμοι</em></strong></span> <span class='ocrx_word' id='word_1_91' title='bbox 1452 1613 1500 1668; x_wconf 80' lang='grc' dir='ltr'><strong>καὶ</strong></span> 
     </span>
     <span class='ocr_line' id='line_1_13' title="bbox 190 1697 915 1783; baseline -0.012 -22"><span class='ocrx_word' id='word_1_92' title='bbox 190 1705 262 1783; x_wconf 76' lang='lat' dir='ltr'><strong>lepori</strong></span> <span class='ocrx_word' id='word_1_93' title='bbox 279 1701 451 1779; x_wconf 70' lang='grc' dir='ltr'><strong><em>πανηγύρεις.</em></strong></span> <span class='ocrx_word' id='word_1_94' title='bbox 488 1701 596 1771; x_wconf 74' lang='lat' dir='ltr'><strong>Grcycr.</strong></span> <span class='ocrx_word' id='word_1_95' title='bbox 614 1699 680 1754; x_wconf 82' lang='lat' dir='ltr'><strong>Naz.</strong></span> <span class='ocrx_word' id='word_1_96' title='bbox 698 1712 740 1753; x_wconf 87' lang='lat' dir='ltr'><strong>or.</strong></span> <span class='ocrx_word' id='word_1_97' title='bbox 758 1697 793 1750; x_wconf 85' lang='grc'><strong>16</strong></span> <span class='ocrx_word' id='word_1_98' title='bbox 810 1711 837 1768; x_wconf 83' lang='lat' dir='ltr'><strong>p.</strong></span> <span class='ocrx_word' id='word_1_99' title='bbox 854 1697 915 1752; x_wconf 60' lang='grc'><strong>218.</strong></span> 
     </span>
    </p>

    <p class='ocr_par' dir='ltr' id='par_1_9' title="bbox 190 1781 1502 1937">
     <span class='ocr_line' id='line_1_14' title="bbox 278 1781 1502 1866; baseline -0.002 -20"><span class='ocrx_word' id='word_1_100' title='bbox 278 1792 313 1848; x_wconf 91' lang='lat' dir='ltr'><strong>V.</strong></span> <span class='ocrx_word' id='word_1_101' title='bbox 332 1793 374 1846; x_wconf 86' lang='lat'><strong>10.</strong></span> <span class='ocrx_word' id='word_1_102' title='bbox 402 1787 436 1847; x_wconf 76' lang='grc' dir='ltr'><strong>ἂν</strong></span> <span class='ocrx_word' id='word_1_103' title='bbox 453 1786 583 1866; x_wconf 81' lang='grc' dir='ltr'><strong><em>καθαρὸν</em></strong></span> <span class='ocrx_word' id='word_1_104' title='bbox 600 1788 673 1856; x_wconf 77' lang='grc' dir='ltr'><strong><em>ἔχεις</em></strong></span> <span class='ocrx_word' id='word_1_105' title='bbox 691 1782 722 1840; x_wconf 83' lang='grc' dir='ltr'><strong>τὰ</strong></span> <span class='ocrx_word' id='word_1_106' title='bbox 742 1781 881 1854; x_wconf 74' lang='grc' dir='ltr'><strong><em>συνειδὸς,</em></strong></span> <span class='ocrx_word' id='word_1_107' title='bbox 909 1781 1004 1860; x_wconf 74' lang='grc' dir='ltr'><strong><em>ἑορτήν</em></strong></span> <span class='ocrx_word' id='word_1_108' title='bbox 1021 1784 1094 1853; x_wconf 77' lang='grc' dir='ltr'><strong><em>ἔχεις</em></strong></span> <span class='ocrx_word' id='word_1_109' title='bbox 1113 1782 1160 1840; x_wconf 82' lang='grc' dir='ltr'><strong>διὰ</strong></span> <span class='ocrx_word' id='word_1_110' title='bbox 1177 1783 1288 1849; x_wconf 83' lang='grc' dir='ltr'><strong>πάντας.</strong></span> <span class='ocrx_word' id='word_1_111' title='bbox 1326 1787 1452 1860; x_wconf 74' lang='lat' dir='ltr'><strong>chrysost</strong></span> <span class='ocrx_word' id='word_1_112' title='bbox 1470 1787 1502 1843; x_wconf 85' lang='lat' dir='ltr'><strong>in</strong></span> 
     </span>
     <span class='ocr_line' id='line_1_15' title="bbox 190 1878 345 1937; baseline -0.039 0"><span class='ocrx_word' id='word_1_113' title='bbox 190 1878 345 1937; x_wconf 77' lang='lat' dir='ltr'><strong>idonea</strong></span> 
     </span>
    </p>

    <p class='ocr_par' dir='ltr' id='par_1_10' title="bbox 191 1960 1505 2124">
     <span class='ocr_line' id='line_1_16' title="bbox 280 1960 1505 2039; baseline 0.001 -18"><span class='ocrx_word' id='word_1_114' title='bbox 280 1965 313 2021; x_wconf 84' lang='lat' dir='ltr'><strong>V.</strong></span> <span class='ocrx_word' id='word_1_115' title='bbox 333 1968 374 2020; x_wconf 74' lang='lat'><strong>17.</strong></span> <span class='ocrx_word' id='word_1_116' title='bbox 398 1967 508 2039; x_wconf 85' lang='lat' dir='ltr'><strong>justum</strong></span> <span class='ocrx_word' id='word_1_117' title='bbox 525 1967 555 2018; x_wconf 91' lang='lat' dir='ltr'><strong>et</strong></span> <span class='ocrx_word' id='word_1_118' title='bbox 571 1961 741 2018; x_wconf 83' lang='lat' dir='ltr'><strong>rationabile</strong></span> <span class='ocrx_word' id='word_1_119' title='bbox 768 1975 845 2018; x_wconf 87' lang='lat' dir='ltr'><strong>verae</strong></span> <span class='ocrx_word' id='word_1_120' title='bbox 863 1960 978 2034; x_wconf 87' lang='lat' dir='ltr'><strong>pietatis</strong></span> <span class='ocrx_word' id='word_1_121' title='bbox 996 1961 1162 2032; x_wconf 87' lang='lat' dir='ltr'><strong>obsequium</strong></span> <span class='ocrx_word' id='word_1_122' title='bbox 1180 1968 1237 2035; x_wconf 90' lang='lat' dir='ltr'><strong>est,</strong></span> <span class='ocrx_word' id='word_1_123' title='bbox 1265 1965 1294 2020; x_wconf 91' lang='lat' dir='ltr'><strong>in</strong></span> <span class='ocrx_word' id='word_1_124' title='bbox 1314 1966 1427 2035; x_wconf 86' lang='lat' dir='ltr'><strong>diebus,</strong></span> <span class='ocrx_word' id='word_1_125' title='bbox 1454 1965 1505 2037; x_wconf 87' lang='lat' dir='ltr'><strong>qui</strong></span> 
     </span>
     <span class='ocr_line' id='line_1_17' title="bbox 191 2048 1503 2124; baseline -0.002 -14"><span class='ocrx_word' id='word_1_126' title='bbox 191 2055 294 2110; x_wconf 86' lang='lat' dir='ltr'><strong>divinae</strong></span> <span class='ocrx_word' id='word_1_127' title='bbox 308 2053 512 2110; x_wconf 85' lang='lat' dir='ltr'><strong>misericordiae</strong></span> <span class='ocrx_word' id='word_1_128' title='bbox 526 2065 616 2122; x_wconf 88' lang='lat' dir='ltr'><strong>opera</strong></span> <span class='ocrx_word' id='word_1_129' title='bbox 628 2053 833 2121; x_wconf 83' lang='lat' dir='ltr'><strong>protestantur,</strong></span> <span class='ocrx_word' id='word_1_130' title='bbox 852 2051 916 2108; x_wconf 91' lang='lat' dir='ltr'><strong>toto</strong></span> <span class='ocrx_word' id='word_1_131' title='bbox 930 2048 1017 2104; x_wconf 86' lang='lat' dir='ltr'><strong>corde</strong></span> <span class='ocrx_word' id='word_1_132' title='bbox 1031 2051 1163 2122; x_wconf 83' lang='lat' dir='ltr'><strong>gaudere.</strong></span> <span class='ocrx_word' id='word_1_133' title='bbox 1190 2051 1313 2108; x_wconf 79' lang='lat' dir='ltr'><strong>locali.</strong></span> <span class='ocrx_word' id='word_1_134' title='bbox 1332 2069 1414 2108; x_wconf 88' lang='lat' dir='ltr'><strong>serm</strong></span> <span class='ocrx_word' id='word_1_135' title='bbox 1423 2055 1467 2124; x_wconf 78' lang='lat' dir='ltr'><strong>at,</strong></span> <span class='ocrx_word' id='word_1_136' title='bbox 1478 2057 1503 2108; x_wconf 91' lang='lat'><strong>1.</strong></span> 
     </span>
    </p>

    <p class='ocr_par' dir='ltr' id='par_1_11' title="bbox 190 2136 1502 2386">
     <span class='ocr_line' id='line_1_18' title="bbox 280 2136 1500 2210; baseline -0.001 -13"><span class='ocrx_word' id='word_1_137' title='bbox 280 2142 313 2198; x_wconf 85' lang='lat' dir='ltr'><strong>V.</strong></span> <span class='ocrx_word' id='word_1_138' title='bbox 330 2144 371 2196; x_wconf 88' lang='grc'><strong>21.</strong></span> <span class='ocrx_word' id='word_1_139' title='bbox 389 2145 432 2196; x_wconf 88' lang='grc'><strong>22.</strong></span> <span class='ocrx_word' id='word_1_140' title='bbox 460 2141 535 2195; x_wconf 86' lang='lat' dir='ltr'><strong>Deus</strong></span> <span class='ocrx_word' id='word_1_141' title='bbox 561 2138 709 2194; x_wconf 89' lang='lat' dir='ltr'><strong>humanum</strong></span> <span class='ocrx_word' id='word_1_142' title='bbox 734 2152 785 2192; x_wconf 91' lang='lat' dir='ltr'><strong>cor</strong></span> <span class='ocrx_word' id='word_1_143' title='bbox 808 2136 941 2207; x_wconf 84' lang='lat' dir='ltr'><strong>destruit,</strong></span> <span class='ocrx_word' id='word_1_144' title='bbox 970 2151 1032 2192; x_wconf 88' lang='lat' dir='ltr'><strong>cum</strong></span> <span class='ocrx_word' id='word_1_145' title='bbox 1055 2137 1203 2210; x_wconf 87' lang='lat' dir='ltr'><strong>relinquit,</strong></span> <span class='ocrx_word' id='word_1_146' title='bbox 1235 2155 1325 2210; x_wconf 85' lang='lat' dir='ltr'><strong>neque</strong></span> <span class='ocrx_word' id='word_1_147' title='bbox 1351 2140 1500 2196; x_wconf 85' lang='lat' dir='ltr'><strong>humanam</strong></span> 
     </span>
     <span class='ocr_line' id='line_1_19' title="bbox 190 2219 1502 2298; baseline 0.001 -13"><span class='ocrx_word' id='word_1_148' title='bbox 190 2233 311 2286; x_wconf 84' lang='lat' dir='ltr'><strong>mentem</strong></span> <span class='ocrx_word' id='word_1_149' title='bbox 335 2225 503 2284; x_wconf 88' lang='lat' dir='ltr'><strong>debellando</strong></span> <span class='ocrx_word' id='word_1_150' title='bbox 529 2224 663 2293; x_wconf 86' lang='lat' dir='ltr'><strong>destruit,</strong></span> <span class='ocrx_word' id='word_1_151' title='bbox 687 2224 738 2280; x_wconf 90' lang='lat' dir='ltr'><strong>sed</strong></span> <span class='ocrx_word' id='word_1_152' title='bbox 756 2224 929 2294; x_wconf 88' lang='lat' dir='ltr'><strong>recedendo,</strong></span> <span class='ocrx_word' id='word_1_153' title='bbox 957 2219 1024 2296; x_wconf 85' lang='lat' dir='ltr'><strong>quia</strong></span> <span class='ocrx_word' id='word_1_154' title='bbox 1041 2223 1077 2281; x_wconf 90' lang='lat' dir='ltr'><strong>ad</strong></span> <span class='ocrx_word' id='word_1_155' title='bbox 1094 2226 1281 2298; x_wconf 86' lang='lat' dir='ltr'><strong>perditionem</strong></span> <span class='ocrx_word' id='word_1_156' title='bbox 1298 2243 1377 2284; x_wconf 90' lang='lat' dir='ltr'><strong>suam</strong></span> <span class='ocrx_word' id='word_1_157' title='bbox 1394 2225 1502 2287; x_wconf 86' lang='lat' dir='ltr'><strong>sufficit</strong></span> 
     </span>
     <span class='ocr_line' id='line_1_20' title="bbox 192 2308 1005 2386; baseline -0.007 -13"><span class='ocrx_word' id='word_1_158' title='bbox 192 2318 247 2374; x_wconf 86' lang='lat' dir='ltr'><strong>sibi</strong></span> <span class='ocrx_word' id='word_1_159' title='bbox 266 2317 387 2373; x_wconf 88' lang='lat' dir='ltr'><strong>dimissa.</strong></span> <span class='ocrx_word' id='word_1_160' title='bbox 423 2315 532 2386; x_wconf 62' lang='grc' dir='ltr'><strong><em>(ἔναρεν.</em></strong></span> <span class='ocrx_word' id='word_1_161' title='bbox 547 2315 581 2370; x_wconf 86' lang='grc' dir='ltr'><strong>Μ.</strong></span> <span class='ocrx_word' id='word_1_162' title='bbox 599 2313 700 2371; x_wconf 82' lang='lat' dir='ltr'><strong>moral</strong></span> <span class='ocrx_word' id='word_1_163' title='bbox 718 2317 761 2384; x_wconf 89' lang='lat'><strong>11,</strong></span> <span class='ocrx_word' id='word_1_164' title='bbox 780 2315 804 2370; x_wconf 83' lang='lat' dir='ltr'><strong>e.</strong></span> <span class='ocrx_word' id='word_1_165' title='bbox 823 2317 865 2368; x_wconf 91' lang='grc'><strong>12.</strong></span> <span class='ocrx_word' id='word_1_166' title='bbox 1002 2308 1005 2316; x_wconf 69' lang='grc'><strong>“</strong></span> 
     </span>
    </p>

    <p class='ocr_par' dir='ltr' id='par_1_12' title="bbox 193 2397 1501 2654">
     <span class='ocr_line' id='line_1_21' title="bbox 279 2397 1501 2478; baseline 0.002 -21"><span class='ocrx_word' id='word_1_167' title='bbox 279 2403 311 2458; x_wconf 85' lang='lat' dir='ltr'><strong>V.</strong></span> <span class='ocrx_word' id='word_1_168' title='bbox 335 2404 378 2456; x_wconf 77' lang='lat'><strong>52.</strong></span> <span class='ocrx_word' id='word_1_169' title='bbox 404 2397 597 2476; x_wconf 78' lang='grc' dir='ltr'><strong><em>Ἰερουσαλήμ,</em></strong></span> <span class='ocrx_word' id='word_1_170' title='bbox 626 2399 693 2474; x_wconf 79' lang='grc' dir='ltr'><strong><em>αὕτη</em></strong></span> <span class='ocrx_word' id='word_1_171' title='bbox 716 2403 789 2460; x_wconf 77' lang='grc' dir='ltr'><strong><em>ἔστιν</em></strong></span> <span class='ocrx_word' id='word_1_172' title='bbox 813 2401 948 2459; x_wconf 67' lang='lat' dir='ltr'><strong>saxtonte·</strong></span> <span class='ocrx_word' id='word_1_173' title='bbox 977 2402 1035 2458; x_wconf 75' lang='grc' dir='ltr'><strong><em>ἐστὶ</em></strong></span> <span class='ocrx_word' id='word_1_174' title='bbox 1053 2400 1108 2478; x_wconf 83' lang='grc' dir='ltr'><strong>ηάρ</strong></span> <span class='ocrx_word' id='word_1_175' title='bbox 1127 2399 1145 2474; x_wconf 90' lang='grc' dir='ltr'><strong><em>ή</em></strong></span> <span class='ocrx_word' id='word_1_176' title='bbox 1163 2399 1243 2467; x_wconf 80' lang='grc' dir='ltr'><strong><em>πόλις</em></strong></span> <span class='ocrx_word' id='word_1_177' title='bbox 1263 2400 1314 2460; x_wconf 70' lang='lat' dir='ltr'><strong>roi</strong></span> <span class='ocrx_word' id='word_1_178' title='bbox 1331 2401 1405 2462; x_wconf 78' lang='grc' dir='ltr'><strong><em>θεοῦ</em></strong></span> <span class='ocrx_word' id='word_1_179' title='bbox 1422 2401 1440 2476; x_wconf 86' lang='grc' dir='ltr'><strong><em>ή</em></strong></span> <span class='ocrx_word' id='word_1_180' title='bbox 1458 2402 1501 2460; x_wconf 73' lang='grc' dir='ltr'><strong>ἐν·</strong></span> 
     </span>
     <span class='ocr_line' id='line_1_22' title="bbox 193 2485 1501 2570; baseline 0.001 -25"><span class='ocrx_word' id='word_1_181' title='bbox 193 2491 303 2563; x_wconf 72' lang='lat' dir='ltr'><strong>sipoto,</strong></span> <span class='ocrx_word' id='word_1_182' title='bbox 321 2485 338 2562; x_wconf 87' lang='grc' dir='ltr'><strong><em>ή</em></strong></span> <span class='ocrx_word' id='word_1_183' title='bbox 357 2487 455 2566; x_wconf 87' lang='grc' dir='ltr'><strong><em>ὅρασις</em></strong></span> <span class='ocrx_word' id='word_1_184' title='bbox 472 2486 521 2560; x_wconf 82' lang='grc' dir='ltr'><strong>τῆς</strong></span> <span class='ocrx_word' id='word_1_185' title='bbox 539 2486 658 2565; x_wconf 76' lang='grc' dir='ltr'><strong><em>εἰρήνης·</em></strong></span> <span class='ocrx_word' id='word_1_186' title='bbox 691 2489 719 2546; x_wconf 79' lang='grc' dir='ltr'><strong>ἰν</strong></span> <span class='ocrx_word' id='word_1_187' title='bbox 737 2486 805 2565; x_wconf 74' lang='grc' dir='ltr'><strong>αὐτῇ</strong></span> <span class='ocrx_word' id='word_1_188' title='bbox 823 2489 895 2546; x_wconf 78' lang='grc' dir='ltr'><strong><em>ἐστιν</em></strong></span> <span class='ocrx_word' id='word_1_189' title='bbox 912 2488 930 2563; x_wconf 91' lang='grc' dir='ltr'><strong><em>ή</em></strong></span> <span class='ocrx_word' id='word_1_190' title='bbox 949 2487 1046 2566; x_wconf 80' lang='grc' dir='ltr'><strong><em>εἰρήνη,</em></strong></span> <span class='ocrx_word' id='word_1_191' title='bbox 1064 2485 1097 2562; x_wconf 80' lang='grc' dir='ltr'><strong>ήν</strong></span> <span class='ocrx_word' id='word_1_192' title='bbox 1114 2487 1217 2564; x_wconf 72' lang='grc' dir='ltr'><strong><em>ἤραρεν</em></strong></span> <span class='ocrx_word' id='word_1_193' title='bbox 1233 2487 1311 2566; x_wconf 83' lang='grc' dir='ltr'><strong><em>ἡμῖν·</em></strong></span> <span class='ocrx_word' id='word_1_194' title='bbox 1347 2495 1400 2570; x_wconf 72' lang='grc' dir='ltr'><strong><em>εἰηε</em></strong></span> <span class='ocrx_word' id='word_1_195' title='bbox 1419 2491 1501 2564; x_wconf 80' lang='grc' dir='ltr'><strong><em>ε’σμίν</em></strong></span> 
     </span>
     <span class='ocr_line' id='line_1_23' title="bbox 193 2573 1117 2654; baseline -0.001 -21"><span class='ocrx_word' id='word_1_196' title='bbox 193 2581 273 2634; x_wconf 84' lang='grc' dir='ltr'><strong><em>τέκνα</em></strong></span> <span class='ocrx_word' id='word_1_197' title='bbox 293 2575 406 2654; x_wconf 81' lang='grc' dir='ltr'><strong><em>εἰρήνης,</em></strong></span> <span class='ocrx_word' id='word_1_198' title='bbox 425 2573 593 2647; x_wconf 77' lang='grc' dir='ltr'><strong><em>πληθύνεται</em></strong></span> <span class='ocrx_word' id='word_1_199' title='bbox 611 2580 656 2632; x_wconf 83' lang='grc' dir='ltr'><strong>καὶ</strong></span> <span class='ocrx_word' id='word_1_200' title='bbox 675 2575 781 2653; x_wconf 79' lang='grc' dir='ltr'><strong>ὁρᾶται.</strong></span> <span class='ocrx_word' id='word_1_201' title='bbox 819 2577 940 2649; x_wconf 72' lang='lat' dir='ltr'><strong>cripere</strong></span> <span class='ocrx_word' id='word_1_202' title='bbox 957 2578 1029 2633; x_wconf 85' lang='lat' dir='ltr'><strong>hcm.</strong></span> <span class='ocrx_word' id='word_1_203' title='bbox 1048 2580 1073 2647; x_wconf 86' lang='grc'><strong>9,</strong></span> <span class='ocrx_word' id='word_1_204' title='bbox 1091 2581 1117 2633; x_wconf 82' lang='grc'><strong>2.</strong></span> 
     </span>
    </p>

    <p class='ocr_par' dir='ltr' id='par_1_13' title="bbox 192 2665 1502 3089">
     <span class='ocr_line' id='line_1_24' title="bbox 281 2665 1500 2740; baseline 0.004 -20"><span class='ocrx_word' id='word_1_205' title='bbox 281 2667 314 2722; x_wconf 91' lang='lat' dir='ltr'><strong>V.</strong></span> <span class='ocrx_word' id='word_1_206' title='bbox 334 2670 375 2722; x_wconf 72' lang='lat'><strong>71.</strong></span> <span class='ocrx_word' id='word_1_207' title='bbox 402 2667 491 2722; x_wconf 89' lang='lat' dir='ltr'><strong>Nemo</strong></span> <span class='ocrx_word' id='word_1_208' title='bbox 510 2683 588 2722; x_wconf 88' lang='lat' dir='ltr'><strong>suam</strong></span> <span class='ocrx_word' id='word_1_209' title='bbox 605 2667 726 2724; x_wconf 88' lang='lat' dir='ltr'><strong>animam</strong></span> <span class='ocrx_word' id='word_1_210' title='bbox 743 2667 836 2738; x_wconf 88' lang='lat' dir='ltr'><strong>videt,</strong></span> <span class='ocrx_word' id='word_1_211' title='bbox 863 2683 915 2724; x_wconf 88' lang='lat' dir='ltr'><strong>nec</strong></span> <span class='ocrx_word' id='word_1_212' title='bbox 932 2672 1026 2723; x_wconf 87' lang='lat' dir='ltr'><strong>tamen</strong></span> <span class='ocrx_word' id='word_1_213' title='bbox 1044 2667 1168 2738; x_wconf 88' lang='lat' dir='ltr'><strong>dubitat,</strong></span> <span class='ocrx_word' id='word_1_214' title='bbox 1196 2684 1228 2722; x_wconf 92' lang='lat' dir='ltr'><strong>se</strong></span> <span class='ocrx_word' id='word_1_215' title='bbox 1246 2669 1366 2724; x_wconf 89' lang='lat' dir='ltr'><strong>animam</strong></span> <span class='ocrx_word' id='word_1_216' title='bbox 1382 2665 1500 2740; x_wconf 85' lang='lat' dir='ltr'><strong>habere,</strong></span> 
     </span>
     <span class='ocr_line' id='line_1_25' title="bbox 192 2753 1501 2827; baseline 0.002 -17"><span class='ocrx_word' id='word_1_217' title='bbox 192 2771 276 2827; x_wconf 87' lang='lat' dir='ltr'><strong>quam</strong></span> <span class='ocrx_word' id='word_1_218' title='bbox 299 2771 357 2811; x_wconf 91' lang='lat' dir='ltr'><strong>non</strong></span> <span class='ocrx_word' id='word_1_219' title='bbox 380 2755 477 2826; x_wconf 91' lang='lat' dir='ltr'><strong>videt,</strong></span> <span class='ocrx_word' id='word_1_220' title='bbox 509 2772 544 2810; x_wconf 86' lang='lat' dir='ltr'><strong>ex</strong></span> <span class='ocrx_word' id='word_1_221' title='bbox 560 2755 697 2810; x_wconf 83' lang='lat' dir='ltr'><strong>invisibili</strong></span> <span class='ocrx_word' id='word_1_222' title='bbox 714 2770 834 2826; x_wconf 85' lang='lat' dir='ltr'><strong>namque</strong></span> <span class='ocrx_word' id='word_1_223' title='bbox 851 2755 945 2810; x_wconf 79' lang='lat' dir='ltr'><strong>anina</strong></span> <span class='ocrx_word' id='word_1_224' title='bbox 962 2753 1078 2812; x_wconf 86' lang='lat' dir='ltr'><strong>visibile</strong></span> <span class='ocrx_word' id='word_1_225' title='bbox 1095 2755 1207 2827; x_wconf 84' lang='lat' dir='ltr'><strong>regitur</strong></span> <span class='ocrx_word' id='word_1_226' title='bbox 1225 2771 1336 2826; x_wconf 89' lang='lat' dir='ltr'><strong>corpus.</strong></span> <span class='ocrx_word' id='word_1_227' title='bbox 1363 2756 1390 2810; x_wconf 90' lang='lat' dir='ltr'><strong>si</strong></span> <span class='ocrx_word' id='word_1_228' title='bbox 1406 2760 1501 2814; x_wconf 89' lang='lat' dir='ltr'><strong>autem</strong></span> 
     </span>
     <span class='ocr_line' id='line_1_26' title="bbox 192 2839 1502 2914; baseline 0 -16"><span class='ocrx_word' id='word_1_229' title='bbox 192 2839 352 2911; x_wconf 84' lang='lat' dir='ltr'><strong>auferatur,</strong></span> <span class='ocrx_word' id='word_1_230' title='bbox 384 2843 460 2912; x_wconf 88' lang='lat' dir='ltr'><strong>quod</strong></span> <span class='ocrx_word' id='word_1_231' title='bbox 477 2847 521 2898; x_wconf 89' lang='lat' dir='ltr'><strong>est</strong></span> <span class='ocrx_word' id='word_1_232' title='bbox 538 2842 692 2912; x_wconf 87' lang='lat' dir='ltr'><strong>invisibile,</strong></span> <span class='ocrx_word' id='word_1_233' title='bbox 722 2842 852 2912; x_wconf 87' lang='lat' dir='ltr'><strong>protinus</strong></span> <span class='ocrx_word' id='word_1_234' title='bbox 871 2841 980 2898; x_wconf 85' lang='lat' dir='ltr'><strong>corruit</strong></span> <span class='ocrx_word' id='word_1_235' title='bbox 1000 2841 1070 2910; x_wconf 86' lang='lat' dir='ltr'><strong>hoc,</strong></span> <span class='ocrx_word' id='word_1_236' title='bbox 1102 2842 1178 2914; x_wconf 87' lang='lat' dir='ltr'><strong>quod</strong></span> <span class='ocrx_word' id='word_1_237' title='bbox 1195 2843 1404 2900; x_wconf 83' lang='lat' dir='ltr'><strong>visibilestare</strong></span> <span class='ocrx_word' id='word_1_238' title='bbox 1422 2843 1502 2898; x_wconf 90' lang='lat' dir='ltr'><strong>vide·</strong></span> 
     </span>
     <span class='ocr_line' id='line_1_27' title="bbox 193 2929 1502 3002; baseline 0.002 -18"><span class='ocrx_word' id='word_1_239' title='bbox 193 2929 285 2985; x_wconf 88' lang='lat' dir='ltr'><strong>batur.</strong></span> <span class='ocrx_word' id='word_1_240' title='bbox 310 2946 345 2984; x_wconf 84' lang='lat' dir='ltr'><strong>ex</strong></span> <span class='ocrx_word' id='word_1_241' title='bbox 363 2929 497 2984; x_wconf 88' lang='lat' dir='ltr'><strong>invisibili</strong></span> <span class='ocrx_word' id='word_1_242' title='bbox 515 2945 586 3001; x_wconf 80' lang='lat' dir='ltr'><strong>ergo</strong></span> <span class='ocrx_word' id='word_1_243' title='bbox 605 2930 764 2987; x_wconf 80' lang='lat' dir='ltr'><strong>substantia</strong></span> <span class='ocrx_word' id='word_1_244' title='bbox 781 2930 812 2985; x_wconf 91' lang='lat' dir='ltr'><strong>in</strong></span> <span class='ocrx_word' id='word_1_245' title='bbox 829 2931 883 2986; x_wconf 87' lang='lat' dir='ltr'><strong>hac</strong></span> <span class='ocrx_word' id='word_1_246' title='bbox 901 2929 961 2986; x_wconf 90' lang='lat' dir='ltr'><strong>vita</strong></span> <span class='ocrx_word' id='word_1_247' title='bbox 979 2929 1086 2986; x_wconf 87' lang='lat' dir='ltr'><strong>visibili</strong></span> <span class='ocrx_word' id='word_1_248' title='bbox 1102 2929 1224 3002; x_wconf 87' lang='lat' dir='ltr'><strong>vivitur,</strong></span> <span class='ocrx_word' id='word_1_249' title='bbox 1252 2934 1282 2986; x_wconf 91' lang='lat' dir='ltr'><strong>et</strong></span> <span class='ocrx_word' id='word_1_250' title='bbox 1299 2946 1362 2986; x_wconf 86' lang='lat' dir='ltr'><strong>esse</strong></span> <span class='ocrx_word' id='word_1_251' title='bbox 1380 2929 1441 2986; x_wconf 87' lang='lat' dir='ltr'><strong>vita</strong></span> <span class='ocrx_word' id='word_1_252' title='bbox 1457 2931 1502 2986; x_wconf 87' lang='lat' dir='ltr'><strong>iu·</strong></span> 
     </span>
     <span class='ocr_line' id='line_1_28' title="bbox 193 3015 1057 3089; baseline 0.002 -19"><span class='ocrx_word' id='word_1_253' title='bbox 193 3016 315 3072; x_wconf 86' lang='lat' dir='ltr'><strong>visibilis</strong></span> <span class='ocrx_word' id='word_1_254' title='bbox 333 3015 498 3073; x_wconf 77' lang='lat' dir='ltr'><strong>dubitaturi</strong></span> <span class='ocrx_word' id='word_1_255' title='bbox 533 3017 645 3089; x_wconf 79' lang='lat' dir='ltr'><strong>Grepor.</strong></span> <span class='ocrx_word' id='word_1_256' title='bbox 669 3019 704 3074; x_wconf 87' lang='grc' dir='ltr'><strong>Μ.</strong></span> <span class='ocrx_word' id='word_1_257' title='bbox 723 3017 817 3073; x_wconf 90' lang='lat' dir='ltr'><strong>homil.</strong></span> <span class='ocrx_word' id='word_1_258' title='bbox 835 3018 864 3072; x_wconf 92' lang='lat' dir='ltr'><strong>in</strong></span> <span class='ocrx_word' id='word_1_259' title='bbox 882 3032 925 3072; x_wconf 87' lang='lat' dir='ltr'><strong>ev.</strong></span> <span class='ocrx_word' id='word_1_260' title='bbox 944 3020 969 3086; x_wconf 94' lang='lat'><strong>1,</strong></span> <span class='ocrx_word' id='word_1_261' title='bbox 987 3019 1014 3088; x_wconf 89' lang='grc'><strong>2,</strong></span> <span class='ocrx_word' id='word_1_262' title='bbox 1032 3019 1057 3072; x_wconf 68' lang='lat' dir='ltr'><strong>l.</strong></span> 
     </span>
    </p>

    <p class='ocr_par' dir='ltr' id='par_1_14' title="bbox 194 3101 1505 3951">
     <span class='ocr_line' id='line_1_29' title="bbox 282 3101 1500 3177; baseline 0.004 -20"><span class='ocrx_word' id='word_1_263' title='bbox 282 3103 314 3159; x_wconf 88' lang='lat' dir='ltr'><strong>V.</strong></span> <span class='ocrx_word' id='word_1_264' title='bbox 333 3106 455 3159; x_wconf 74' lang='grc'><strong>11-16.</strong></span> <span class='ocrx_word' id='word_1_265' title='bbox 483 3120 602 3160; x_wconf 83' lang='lat' dir='ltr'><strong>concors</strong></span> <span class='ocrx_word' id='word_1_266' title='bbox 620 3105 752 3177; x_wconf 85' lang='lat' dir='ltr'><strong>societas,</strong></span> <span class='ocrx_word' id='word_1_267' title='bbox 771 3105 815 3168; x_wconf 88' lang='lat' dir='ltr'><strong>die</strong></span> <span class='ocrx_word' id='word_1_268' title='bbox 834 3101 1041 3176; x_wconf 83' lang='lat' dir='ltr'><strong>(iemeinsohaft</strong></span> <span class='ocrx_word' id='word_1_269' title='bbox 1059 3105 1110 3159; x_wconf 91' lang='lat' dir='ltr'><strong>der</strong></span> <span class='ocrx_word' id='word_1_270' title='bbox 1129 3105 1232 3160; x_wconf 88' lang='lat' dir='ltr'><strong>Kirche</strong></span> <span class='ocrx_word' id='word_1_271' title='bbox 1249 3105 1288 3159; x_wconf 91' lang='lat' dir='ltr'><strong>im</strong></span> <span class='ocrx_word' id='word_1_272' title='bbox 1305 3105 1423 3160; x_wconf 86' lang='lat' dir='ltr'><strong>liimmel</strong></span> <span class='ocrx_word' id='word_1_273' title='bbox 1440 3105 1500 3162; x_wconf 86' lang='lat' dir='ltr'><strong>und</strong></span> 
     </span>
     <span class='ocr_line' id='line_1_30' title="bbox 194 3189 1502 3264; baseline 0.001 -17"><span class='ocrx_word' id='word_1_274' title='bbox 194 3189 248 3247; x_wconf 87' lang='lat' dir='ltr'><strong>auf</strong></span> <span class='ocrx_word' id='word_1_275' title='bbox 261 3191 362 3248; x_wconf 81' lang='lat' dir='ltr'><strong>Erden.</strong></span> <span class='ocrx_word' id='word_1_276' title='bbox 397 3193 428 3246; x_wconf 91' lang='lat' dir='ltr'><strong>In</strong></span> <span class='ocrx_word' id='word_1_277' title='bbox 445 3195 497 3248; x_wconf 84' lang='lat' dir='ltr'><strong>No.</strong></span> <span class='ocrx_word' id='word_1_278' title='bbox 515 3196 576 3264; x_wconf 76' lang='lat'><strong>245,</strong></span> <span class='ocrx_word' id='word_1_279' title='bbox 594 3197 628 3248; x_wconf 97' lang='grc'><strong>21</strong></span> <span class='ocrx_word' id='word_1_280' title='bbox 647 3195 722 3250; x_wconf 85' lang='lat' dir='ltr'><strong>wird</strong></span> <span class='ocrx_word' id='word_1_281' title='bbox 739 3193 781 3250; x_wconf 90' lang='lat' dir='ltr'><strong>sie</strong></span> <span class='ocrx_word' id='word_1_282' title='bbox 801 3193 925 3250; x_wconf 85' lang='lat' dir='ltr'><strong>coelestis</strong></span> <span class='ocrx_word' id='word_1_283' title='bbox 945 3191 1098 3250; x_wconf 87' lang='lat' dir='ltr'><strong>concordia</strong></span> <span class='ocrx_word' id='word_1_284' title='bbox 1115 3198 1246 3264; x_wconf 83' lang='lat' dir='ltr'><strong>genannt</strong></span> <span class='ocrx_word' id='word_1_285' title='bbox 1274 3193 1303 3248; x_wconf 88' lang='lat' dir='ltr'><strong>S.</strong></span> <span class='ocrx_word' id='word_1_286' title='bbox 1322 3193 1368 3248; x_wconf 91' lang='lat' dir='ltr'><strong>die</strong></span> <span class='ocrx_word' id='word_1_287' title='bbox 1387 3195 1502 3248; x_wconf 90' lang='lat' dir='ltr'><strong>Bemer·</strong></span> 
     </span>
     <span class='ocr_line' id='line_1_31' title="bbox 194 3277 1501 3352; baseline -0.001 -19"><span class='ocrx_word' id='word_1_288' title='bbox 194 3277 307 3348; x_wconf 80' lang='lat' dir='ltr'><strong>hunger</strong></span> <span class='ocrx_word' id='word_1_289' title='bbox 333 3295 369 3332; x_wconf 83' lang='lat' dir='ltr'><strong>nu</strong></span> <span class='ocrx_word' id='word_1_290' title='bbox 392 3279 444 3335; x_wconf 91' lang='lat' dir='ltr'><strong>No.</strong></span> <span class='ocrx_word' id='word_1_291' title='bbox 462 3282 523 3334; x_wconf 75' lang='grc'><strong>212.</strong></span> <span class='ocrx_word' id='word_1_292' title='bbox 558 3279 686 3337; x_wconf 80' lang='lat' dir='ltr'><strong>Ecclesia</strong></span> <span class='ocrx_word' id='word_1_293' title='bbox 704 3286 780 3352; x_wconf 89' lang='lat' dir='ltr'><strong>tota,</strong></span> <span class='ocrx_word' id='word_1_294' title='bbox 812 3297 869 3337; x_wconf 90' lang='lat' dir='ltr'><strong>non</strong></span> <span class='ocrx_word' id='word_1_295' title='bbox 888 3279 979 3337; x_wconf 81' lang='lat' dir='ltr'><strong>solum</strong></span> <span class='ocrx_word' id='word_1_296' title='bbox 997 3297 1032 3335; x_wconf 84' lang='lat' dir='ltr'><strong>ex</strong></span> <span class='ocrx_word' id='word_1_297' title='bbox 1050 3283 1145 3351; x_wconf 86' lang='lat' dir='ltr'><strong>parte,</strong></span> <span class='ocrx_word' id='word_1_298' title='bbox 1177 3295 1233 3350; x_wconf 89' lang='lat' dir='ltr'><strong>qua</strong></span> <span class='ocrx_word' id='word_1_299' title='bbox 1250 3279 1451 3350; x_wconf 87' lang='lat' dir='ltr'><strong>peregrinatur</strong></span> <span class='ocrx_word' id='word_1_300' title='bbox 1469 3279 1501 3332; x_wconf 88' lang='lat' dir='ltr'><strong>in</strong></span> 
     </span>
     <span class='ocr_line' id='line_1_32' title="bbox 194 3363 1505 3440; baseline -0.002 -17"><span class='ocrx_word' id='word_1_301' title='bbox 194 3366 297 3434; x_wconf 88' lang='lat' dir='ltr'><strong>terris,</strong></span> <span class='ocrx_word' id='word_1_302' title='bbox 322 3382 341 3421; x_wconf 95' lang='lat' dir='ltr'><strong>a</strong></span> <span class='ocrx_word' id='word_1_303' title='bbox 364 3366 434 3422; x_wconf 89' lang='lat' dir='ltr'><strong>solis</strong></span> <span class='ocrx_word' id='word_1_304' title='bbox 458 3373 524 3423; x_wconf 91' lang='lat' dir='ltr'><strong>ortu</strong></span> <span class='ocrx_word' id='word_1_305' title='bbox 541 3369 684 3440; x_wconf 85' lang='lat' dir='ltr'><strong>usquead</strong></span> <span class='ocrx_word' id='word_1_306' title='bbox 704 3384 834 3425; x_wconf 85' lang='lat' dir='ltr'><strong>oceasum</strong></span> <span class='ocrx_word' id='word_1_307' title='bbox 852 3369 971 3424; x_wconf 85' lang='lat' dir='ltr'><strong>laudans</strong></span> <span class='ocrx_word' id='word_1_308' title='bbox 989 3363 1090 3424; x_wconf 89' lang='lat' dir='ltr'><strong>nomen</strong></span> <span class='ocrx_word' id='word_1_309' title='bbox 1109 3367 1213 3422; x_wconf 88' lang='lat' dir='ltr'><strong>domini</strong></span> <span class='ocrx_word' id='word_1_310' title='bbox 1237 3370 1294 3437; x_wconf 87' lang='lat' dir='ltr'><strong>(ps.</strong></span> <span class='ocrx_word' id='word_1_311' title='bbox 1314 3369 1374 3436; x_wconf 89' lang='grc'><strong>112,</strong></span> <span class='ocrx_word' id='word_1_312' title='bbox 1392 3369 1440 3436; x_wconf 85' lang='grc'><strong>3),</strong></span> <span class='ocrx_word' id='word_1_313' title='bbox 1473 3370 1505 3426; x_wconf 87' lang='lat' dir='ltr'><strong>et</strong></span> 
     </span>
     <span class='ocr_line' id='line_1_33' title="bbox 194 3441 1502 3524; baseline 0.001 -18"><span class='ocrx_word' id='word_1_314' title='bbox 194 3457 262 3524; x_wconf 90' lang='lat' dir='ltr'><strong>post</strong></span> <span class='ocrx_word' id='word_1_315' title='bbox 280 3453 473 3524; x_wconf 86' lang='lat' dir='ltr'><strong>captivitatem</strong></span> <span class='ocrx_word' id='word_1_316' title='bbox 490 3456 642 3511; x_wconf 86' lang='lat' dir='ltr'><strong>vetustatis</strong></span> <span class='ocrx_word' id='word_1_317' title='bbox 661 3459 778 3512; x_wconf 85' lang='lat' dir='ltr'><strong>cantans</strong></span> <span class='ocrx_word' id='word_1_318' title='bbox 797 3456 935 3512; x_wconf 84' lang='lat' dir='ltr'><strong>canticum</strong></span> <span class='ocrx_word' id='word_1_319' title='bbox 952 3470 1069 3524; x_wconf 89' lang='lat' dir='ltr'><strong>novum,</strong></span> <span class='ocrx_word' id='word_1_320' title='bbox 1088 3441 1287 3510; x_wconf 88' lang='lat' dir='ltr'><strong>verumetiam</strong></span> <span class='ocrx_word' id='word_1_321' title='bbox 1305 3470 1340 3508; x_wconf 89' lang='lat' dir='ltr'><strong>ex</strong></span> <span class='ocrx_word' id='word_1_322' title='bbox 1357 3454 1418 3524; x_wconf 89' lang='lat' dir='ltr'><strong>illa,</strong></span> <span class='ocrx_word' id='word_1_323' title='bbox 1437 3468 1502 3524; x_wconf 87' lang='lat' dir='ltr'><strong>quae</strong></span> 
     </span>
     <span class='ocr_line' id='line_1_34' title="bbox 195 3540 1504 3615; baseline 0 -19"><span class='ocrx_word' id='word_1_324' title='bbox 195 3540 224 3596; x_wconf 89' lang='lat' dir='ltr'><strong>in</strong></span> <span class='ocrx_word' id='word_1_325' title='bbox 243 3540 323 3596; x_wconf 83' lang='lat' dir='ltr'><strong>omlis</strong></span> <span class='ocrx_word' id='word_1_326' title='bbox 342 3557 464 3613; x_wconf 88' lang='lat' dir='ltr'><strong>semper,</strong></span> <span class='ocrx_word' id='word_1_327' title='bbox 490 3558 526 3596; x_wconf 84' lang='lat' dir='ltr'><strong>ex</strong></span> <span class='ocrx_word' id='word_1_328' title='bbox 543 3559 598 3613; x_wconf 88' lang='lat' dir='ltr'><strong>quo</strong></span> <span class='ocrx_word' id='word_1_329' title='bbox 617 3543 730 3600; x_wconf 90' lang='lat' dir='ltr'><strong>condita</strong></span> <span class='ocrx_word' id='word_1_330' title='bbox 749 3549 807 3615; x_wconf 90' lang='lat' dir='ltr'><strong>est,</strong></span> <span class='ocrx_word' id='word_1_331' title='bbox 833 3543 952 3600; x_wconf 85' lang='lat' dir='ltr'><strong>cohaesit</strong></span> <span class='ocrx_word' id='word_1_332' title='bbox 969 3543 1037 3614; x_wconf 89' lang='lat' dir='ltr'><strong>deo,</strong></span> <span class='ocrx_word' id='word_1_333' title='bbox 1061 3559 1114 3598; x_wconf 89' lang='lat' dir='ltr'><strong>nec</strong></span> <span class='ocrx_word' id='word_1_334' title='bbox 1132 3543 1219 3598; x_wconf 89' lang='lat' dir='ltr'><strong>ullum</strong></span> <span class='ocrx_word' id='word_1_335' title='bbox 1236 3541 1340 3597; x_wconf 88' lang='lat' dir='ltr'><strong>malum</strong></span> <span class='ocrx_word' id='word_1_336' title='bbox 1357 3542 1402 3596; x_wconf 92' lang='lat' dir='ltr'><strong>sui</strong></span> <span class='ocrx_word' id='word_1_337' title='bbox 1420 3557 1504 3600; x_wconf 89' lang='lat' dir='ltr'><strong>casus</strong></span> 
     </span>
     <span class='ocr_line' id='line_1_35' title="bbox 195 3626 1502 3706; baseline -0.001 -22"><span class='ocrx_word' id='word_1_338' title='bbox 195 3635 313 3700; x_wconf 84' lang='lat' dir='ltr'><strong>experta</strong></span> <span class='ocrx_word' id='word_1_339' title='bbox 331 3635 381 3686; x_wconf 87' lang='lat' dir='ltr'><strong>est.</strong></span> <span class='ocrx_word' id='word_1_340' title='bbox 408 3633 469 3686; x_wconf 80' lang='lat' dir='ltr'><strong>haec</strong></span> <span class='ocrx_word' id='word_1_341' title='bbox 493 3631 523 3686; x_wconf 87' lang='lat' dir='ltr'><strong>iu</strong></span> <span class='ocrx_word' id='word_1_342' title='bbox 546 3633 652 3689; x_wconf 88' lang='lat' dir='ltr'><strong>sanctis</strong></span> <span class='ocrx_word' id='word_1_343' title='bbox 676 3633 787 3706; x_wconf 83' lang='lat' dir='ltr'><strong>angelis</strong></span> <span class='ocrx_word' id='word_1_344' title='bbox 811 3626 897 3688; x_wconf 87' lang='lat' dir='ltr'><strong>beata</strong></span> <span class='ocrx_word' id='word_1_345' title='bbox 920 3631 1048 3704; x_wconf 79' lang='lat' dir='ltr'><strong>pernitit</strong></span> <span class='ocrx_word' id='word_1_346' title='bbox 1072 3636 1102 3686; x_wconf 88' lang='lat' dir='ltr'><strong>ot</strong></span> <span class='ocrx_word' id='word_1_347' title='bbox 1126 3646 1185 3686; x_wconf 86' lang='lat' dir='ltr'><strong>suae</strong></span> <span class='ocrx_word' id='word_1_348' title='bbox 1203 3629 1280 3700; x_wconf 86' lang='lat' dir='ltr'><strong>parti</strong></span> <span class='ocrx_word' id='word_1_349' title='bbox 1297 3627 1502 3701; x_wconf 79' lang='lat' dir='ltr'><strong>peregrinanti,</strong></span> 
     </span>
     <span class='ocr_line' id='line_1_36' title="bbox 195 3717 1505 3794; baseline 0 -22"><span class='ocrx_word' id='word_1_350' title='bbox 195 3719 268 3776; x_wconf 86' lang='lat' dir='ltr'><strong>siout</strong></span> <span class='ocrx_word' id='word_1_351' title='bbox 287 3725 417 3792; x_wconf 83' lang='lat' dir='ltr'><strong>oportet,</strong></span> <span class='ocrx_word' id='word_1_352' title='bbox 445 3721 616 3792; x_wconf 88' lang='lat' dir='ltr'><strong>opitulatur,</strong></span> <span class='ocrx_word' id='word_1_353' title='bbox 649 3722 714 3792; x_wconf 91' lang='lat' dir='ltr'><strong>quia</strong></span> <span class='ocrx_word' id='word_1_354' title='bbox 731 3727 850 3794; x_wconf 87' lang='lat' dir='ltr'><strong>utraque</strong></span> <span class='ocrx_word' id='word_1_355' title='bbox 868 3736 924 3777; x_wconf 87' lang='lat' dir='ltr'><strong>una</strong></span> <span class='ocrx_word' id='word_1_356' title='bbox 942 3721 997 3777; x_wconf 92' lang='lat' dir='ltr'><strong>erit</strong></span> <span class='ocrx_word' id='word_1_357' title='bbox 1014 3719 1159 3778; x_wconf 89' lang='lat' dir='ltr'><strong>consortio</strong></span> <span class='ocrx_word' id='word_1_358' title='bbox 1179 3717 1360 3787; x_wconf 84' lang='lat' dir='ltr'><strong>aeternitatis,</strong></span> <span class='ocrx_word' id='word_1_359' title='bbox 1383 3721 1412 3771; x_wconf 88' lang='lat' dir='ltr'><strong>et</strong></span> <span class='ocrx_word' id='word_1_360' title='bbox 1430 3731 1505 3772; x_wconf 87' lang='lat' dir='ltr'><strong>nunc</strong></span> 
     </span>
     <span class='ocr_line' id='line_1_37' title="bbox 195 3797 1504 3882; baseline -0.003 -20"><span class='ocrx_word' id='word_1_361' title='bbox 195 3823 251 3862; x_wconf 89' lang='lat' dir='ltr'><strong>una</strong></span> <span class='ocrx_word' id='word_1_362' title='bbox 269 3812 314 3864; x_wconf 89' lang='lat' dir='ltr'><strong>est</strong></span> <span class='ocrx_word' id='word_1_363' title='bbox 331 3808 445 3865; x_wconf 89' lang='lat' dir='ltr'><strong>vinculo</strong></span> <span class='ocrx_word' id='word_1_364' title='bbox 464 3809 605 3879; x_wconf 86' lang='lat' dir='ltr'><strong>caritatis,</strong></span> <span class='ocrx_word' id='word_1_365' title='bbox 638 3799 701 3882; x_wconf 88' lang='lat' dir='ltr'><strong>quae</strong></span> <span class='ocrx_word' id='word_1_366' title='bbox 725 3815 788 3866; x_wconf 85' lang='lat' dir='ltr'><strong>tota</strong></span> <span class='ocrx_word' id='word_1_367' title='bbox 806 3797 935 3865; x_wconf 89' lang='lat' dir='ltr'><strong>instituta</strong></span> <span class='ocrx_word' id='word_1_368' title='bbox 960 3813 1004 3868; x_wconf 87' lang='lat' dir='ltr'><strong>est</strong></span> <span class='ocrx_word' id='word_1_369' title='bbox 1027 3807 1064 3863; x_wconf 92' lang='lat' dir='ltr'><strong>ad</strong></span> <span class='ocrx_word' id='word_1_370' title='bbox 1082 3805 1229 3862; x_wconf 88' lang='lat' dir='ltr'><strong>colendum</strong></span> <span class='ocrx_word' id='word_1_371' title='bbox 1247 3803 1334 3860; x_wconf 81' lang='lat' dir='ltr'><strong>deum.</strong></span> <span class='ocrx_word' id='word_1_372' title='bbox 1370 3804 1504 3874; x_wconf 74' lang='lat' dir='ltr'><strong>deposita</strong></span> 
     </span>
     <span class='ocr_line' id='line_1_38' title="bbox 195 3895 359 3951; baseline 0.018 -3"><span class='ocrx_word' id='word_1_373' title='bbox 195 3895 299 3949; x_wconf 77' lang='lat' dir='ltr'><strong>enchir</strong></span> <span class='ocrx_word' id='word_1_374' title='bbox 319 3898 359 3951; x_wconf 87' lang='grc'><strong>15.</strong></span> 
     </span>
    </p>

    <p class='ocr_par' dir='ltr' id='par_1_15' title="bbox 197 3973 1506 4230">
     <span class='ocr_line' id='line_1_39' title="bbox 285 3973 1506 4058; baseline -0.001 -23"><span class='ocrx_word' id='word_1_375' title='bbox 285 3980 318 4037; x_wconf 89' lang='lat' dir='ltr'><strong>V.</strong></span> <span class='ocrx_word' id='word_1_376' title='bbox 337 3983 372 4038; x_wconf 82' lang='lat'><strong>89</strong></span> <span class='ocrx_word' id='word_1_377' title='bbox 389 3981 437 4055; x_wconf 86' lang='lat' dir='ltr'><strong>ilg.</strong></span> <span class='ocrx_word' id='word_1_378' title='bbox 465 3973 767 4048; x_wconf 62' lang='lat' dir='ltr'><strong>Sacramentum&#39;festi</strong></span> <span class='ocrx_word' id='word_1_379' title='bbox 785 3985 948 4058; x_wconf 83' lang='lat' dir='ltr'><strong>oportetin</strong></span> <span class='ocrx_word' id='word_1_380' title='bbox 963 3984 1048 4041; x_wconf 89' lang='lat' dir='ltr'><strong>nobis</strong></span> <span class='ocrx_word' id='word_1_381' title='bbox 1068 3999 1131 4038; x_wconf 88' lang='lat' dir='ltr'><strong>esse</strong></span> <span class='ocrx_word' id='word_1_382' title='bbox 1149 3985 1329 4053; x_wconf 87' lang='lat' dir='ltr'><strong>perpetuum,</strong></span> <span class='ocrx_word' id='word_1_383' title='bbox 1358 3978 1433 4050; x_wconf 89' lang='lat' dir='ltr'><strong>quod</strong></span> <span class='ocrx_word' id='word_1_384' title='bbox 1450 3980 1506 4034; x_wconf 87' lang='lat' dir='ltr'><strong>uti-</strong></span> 
     </span>
     <span class='ocr_line' id='line_1_40' title="bbox 197 4066 1505 4143; baseline 0.002 -22"><span class='ocrx_word' id='word_1_385' title='bbox 197 4083 251 4139; x_wconf 85' lang='lat' dir='ltr'><strong>que</strong></span> <span class='ocrx_word' id='word_1_386' title='bbox 270 4067 329 4123; x_wconf 89' lang='lat' dir='ltr'><strong>sine</strong></span> <span class='ocrx_word' id='word_1_387' title='bbox 347 4067 402 4125; x_wconf 88' lang='lat' dir='ltr'><strong>fine</strong></span> <span class='ocrx_word' id='word_1_388' title='bbox 421 4071 619 4143; x_wconf 83' lang='lat' dir='ltr'><strong>celebrabitur,</strong></span> <span class='ocrx_word' id='word_1_389' title='bbox 638 4073 664 4128; x_wconf 90' lang='lat' dir='ltr'><strong>si</strong></span> <span class='ocrx_word' id='word_1_390' title='bbox 681 4073 711 4128; x_wconf 90' lang='lat' dir='ltr'><strong>in</strong></span> <span class='ocrx_word' id='word_1_391' title='bbox 729 4073 856 4130; x_wconf 89' lang='lat' dir='ltr'><strong>omnibus</strong></span> <span class='ocrx_word' id='word_1_392' title='bbox 874 4072 983 4129; x_wconf 87' lang='lat' dir='ltr'><strong>actibus</strong></span> <span class='ocrx_word' id='word_1_393' title='bbox 1002 4071 1108 4130; x_wconf 88' lang='lat' dir='ltr'><strong>nostris</strong></span> <span class='ocrx_word' id='word_1_394' title='bbox 1127 4068 1254 4126; x_wconf 85' lang='lat' dir='ltr'><strong>dominus</strong></span> <span class='ocrx_word' id='word_1_395' title='bbox 1272 4066 1357 4122; x_wconf 86' lang='lat' dir='ltr'><strong>Jesus</strong></span> <span class='ocrx_word' id='word_1_396' title='bbox 1374 4067 1505 4124; x_wconf 78' lang='lat' dir='ltr'><strong>Christus</strong></span> 
     </span>
     <span class='ocr_line' id='line_1_41' title="bbox 198 4159 617 4230; baseline 0.012 -19"><span class='ocrx_word' id='word_1_397' title='bbox 198 4161 344 4227; x_wconf 86' lang='lat' dir='ltr'><strong>appareat.</strong></span> <span class='ocrx_word' id='word_1_398' title='bbox 380 4159 508 4216; x_wconf 77' lang='lat' dir='ltr'><strong>tecam</strong></span> <span class='ocrx_word' id='word_1_399' title='bbox 531 4161 617 4230; x_wconf 79' lang='lat' dir='ltr'><strong>38,·t.</strong></span> 
     </span>
    </p>
   </div>
   <div class='ocr_carea' id='block_1_7' title="bbox 550 4324 1157 4416">
    <p class='ocr_par' dir='ltr' id='par_1_16' title="bbox 550 4324 1157 4416">
     <span class='ocr_line' id='line_1_42' title="bbox 550 4324 1157 4416; baseline -0.002 -2"><span class='ocrx_word' id='word_1_400' title='bbox 550 4339 638 4416; x_wconf 82' lang='lat'><strong>249.</strong></span> <span class='ocrx_word' id='word_1_401' title='bbox 672 4340 717 4414; x_wconf 91' lang='lat' dir='ltr'><strong>In</strong></span> <span class='ocrx_word' id='word_1_402' title='bbox 746 4332 964 4416; x_wconf 82' lang='lat' dir='ltr'><strong>dedicatione</strong></span> <span class='ocrx_word' id='word_1_403' title='bbox 990 4324 1157 4414; x_wconf 83' lang='lat' dir='ltr'><strong>ecelesiae.</strong></span> 
     </span>
    </p>
   </div>
   <div class='ocr_carea' id='block_1_8' title="bbox 197 4484 1101 4666">
    <p class='ocr_par' dir='ltr' id='par_1_17' title="bbox 197 4484 1101 4666">
     <span class='ocr_line' id='line_1_43' title="bbox 198 4484 1101 4572; baseline 0.004 -18"><span class='ocrx_word' id='word_1_404' title='bbox 198 4484 302 4567; x_wconf 80' lang='lat' dir='ltr'><strong>Quam</strong></span> <span class='ocrx_word' id='word_1_405' title='bbox 325 4487 445 4555; x_wconf 87' lang='lat' dir='ltr'><strong>dilecta</strong></span> <span class='ocrx_word' id='word_1_406' title='bbox 471 4523 472 4526; x_wconf 34' lang='lat'>¹</span> <span class='ocrx_word' id='word_1_407' title='bbox 878 4491 982 4572; x_wconf 81' lang='lat' dir='ltr'><strong>Quam</strong></span> <span class='ocrx_word' id='word_1_408' title='bbox 1003 4491 1101 4560; x_wconf 86' lang='lat' dir='ltr'><strong>electi</strong></span> 
     </span>
     <span class='ocr_line' id='line_1_44' title="bbox 197 4592 1049 4666; baseline 0.009 -10"><span class='ocrx_word' id='word_1_409' title='bbox 197 4592 389 4659; x_wconf 85' lang='lat' dir='ltr'><strong>tabernacla</strong></span> <span class='ocrx_word' id='word_1_410' title='bbox 877 4597 1049 4666; x_wconf 80' lang='lat' dir='ltr'><strong>architecti</strong></span> 
     </span>
    </p>
   </div>
   <div class='ocr_carea' id='block_1_9' title="bbox 156 4691 1171 4781">
    <p class='ocr_par' dir='ltr' id='par_1_18' title="bbox 156 4691 1171 4781">
     <span class='ocr_line' id='line_1_45' title="bbox 156 4691 1171 4781; baseline 0.002 -21"><span class='ocrx_word' id='word_1_411' title='bbox 156 4736 158 4740; x_wconf 93' lang='lat'>-</span> <span class='ocrx_word' id='word_1_412' title='bbox 243 4692 363 4764; x_wconf 89' lang='lat' dir='ltr'><strong>domiui</strong></span> <span class='ocrx_word' id='word_1_413' title='bbox 386 4691 579 4781; x_wconf 88' lang='lat' dir='ltr'><strong>(virtutum)</strong></span> <span class='ocrx_word' id='word_1_414' title='bbox 602 4700 636 4762; x_wconf 92' lang='lat' dir='ltr'><strong>et</strong></span> <span class='ocrx_word' id='word_1_415' title='bbox 658 4695 759 4765; x_wconf 80' lang='lat' dir='ltr'><strong>atria!</strong></span> <span class='ocrx_word' id='word_1_416' title='bbox 922 4707 994 4771; x_wconf 86' lang='lat' dir='ltr'><strong>tuta</strong></span> <span class='ocrx_word' id='word_1_417' title='bbox 1015 4694 1171 4781; x_wconf 85' lang='lat' dir='ltr'><strong>aedificia,</strong></span> 
     </span>
    </p>
   </div>
   <div class='ocr_carea' id='block_1_10' title="bbox 0 0 1680 5358">
    <p class='ocr_par' dir='ltr' id='par_1_19' title="bbox 0 0 1680 5358">
     <span class='ocr_line' id='line_1_46' title="bbox 0 0 1680 5358; baseline 0 0"><span class='ocrx_word' id='word_1_418' title='bbox 0 0 1680 5358; x_wconf 95' lang='lat' dir='ltr'><strong> </strong></span> 
     </span>
    </p>
   </div>
  </div>
 </body>
</html>
