3312 5366
451 546 562 614 lierda
581 553 622 612 tn
642 561 720 626 qum
738 557 910 624 praeparas
932 539 975 604 ad
996 541 1236 624 susceptionem

450 651 568 735 gratiae
588 644 767 726 mellillam,
791 651 826 708 tu
848 642 1041 706 infusionem

452 754 524 838 ejus
541 750 620 818 mihi
642 749 766 828 tribue,
790 751 829 812 ut
846 745 1057 826 intentionum

453 856 496 922 sd
519 871 692 940 supernam
714 849 838 933 erigam
861 848 935 914 oeli
956 849 1133 932 regionem.

449 1034 612 1104 maenum
633 1033 785 1098 mentium
807 1031 861 1120 pie
884 1031 1088 1114 domenatur,

448 1139 557 1206 sordis
583 1121 617 1202 in
638 1135 776 1202 fadaeiis
798 1153 975 1218 renumque
999 1141 1175 1215 serutatur,

453 1245 495 1310 de
518 1241 688 1328 prolunffis
713 1239 857 1320 elamite,
883 1238 1034 1328 indignus
1057 1245 1229 1322 peeeator,

454 1365 561 1430 meum
584 1343 661 1412 audi
681 1343 852 1430 gemitum,
874 1343 1017 1422 clemens
1042 1343 1222 1412 miseraton
1326 1401 1330 1405 .

452 1523 524 1594 tlt-st
546 1521 625 1602 meis
648 1523 772 1590 adibus
796 1520 889 1598 nimis
912 1519 1105 1602 tendendi,

451 1629 539 1692 dena
560 1627 643 1702 mihi
660 1625 798 1692 dulciter
815 1632 949 1708 tmpus
965 1625 1154 1708 miserendi,

450 1738 575 1816 praesta
596 1733 726 1812 qnoque
747 1725 886 1811 gratiam
909 1725 951 1792 ad
973 1735 1010 1792 te
1033 1728 1233 1811 revertendi,

450 1840 487 1899 ut
511 1831 609 1916 digne
632 1833 793 1897 inveniam
816 1833 923 1896 looum
944 1832 1130 1918 paenitendi.

326 2017 327 2022 ’
454 2011 516 2078 'l'ui
538 2031 603 2078 non
626 2011 800 2077 evaderem
822 2013 962 2077 fervoris
986 2013 1152 2096 offensam,

451 2124 539 2182 tuam
563 2117 591 2180 si
613 2117 815 2183 elementiam
837 2111 997 2182 nescirem
1019 2117 1224 2200 immensam,
1333 2105 1344 2112 '¹

451 2239 628 2306 perquam
650 2220 882 2302 negligentiam
903 2220 936 2283 in
959 2239 1013 2285 me
1037 2219 1273 2305 deprehensam

456 2323 548 2388 deles
572 2331 605 2388 et
627 2323 818 2406 voraginem
841 2321 1009 2392 Geheunae
1031 2342 1228 2410 succensam.

451 2493 587 2562 Amoris
610 2497 781 2565 dulcedine
807 2519 872 2583 age
896 2497 1107 2584 snooedehte,

454 2607 552 2684 tepor
575 2594 659 2664 desit
680 2601 797 2667 noxius
821 2603 949 2684 habitus
967 2605 1005 2668 in
1027 2613 1154 2690 mente,

453 2703 568 2767 fervor
590 2705 694 2768 saneti
716 2705 867 2788 spiritus,
891 2709 1041 2790 qnoniam
1063 2718 1199 2794 repente

452 2807 575 2889 surgit,
598 2807 816 2890 oedit'aqnilo
841 2819 952 2876 austro
975 2814 1136 2879 veniente.

452 2990 490 3055 ln
512 3012 645 3060 recessu
667 2998 777 3062 veniat
800 3007 910 3064 auster
932 3001 1110 3088 aquilonis,

421 3175 423 3180 ,
452 3095 572 3180 perflet
593 3117 698 3164 meum
717 3101 896 3184 hortulum,
919 3113 954 3169 ut
977 3107 1125 3190 supernis
1148 3107 1240 3172 donis

450 3197 536 3263 illins
559 3209 705 3266 aromata
727 3203 851 3286 fluant-2
872 3226 987 3290 meque
995 3275 1001 3280 ,Ν
1009 3211 1102 3278 bonis

454 3300 608 3368 feeundet
630 3305 780 3388 gratuitis
804 3305 857 3372 dei
879 3311 1021 3382 visionis.
1060 3392 1064 3400 .
1301 3405 1304 3408 Ι

452 3473 529 3560 llis,
553 3481 607 3562 qui
629 3488 662 3546 te
685 3481 823 3568 diligam
844 3486 877 3552 in
900 3489 1121 3574 simplieitate,

450 3581 531 3644 nihil
550 3583 658 3668 deest,
683 3586 826 3672 domine,
850 3611 922 3660 nam
945 3595 980 3658 in
1001 3595 1161 3682 largitate

448 3703 579 3750 manum
601 3695 688 3754 tuam
711 3693 838 3776 aperis,
865 3715 927 3764 neo
949 3697 1130 3765 inordinate

452 3787 662 3872 inplebuntur
685 3795 791 3864 omnia
813 3804 869 3864 tua
891 3801 1044 3886 bonitate.

451 3970 565 4056 Ignem
588 3979 692 4050 saneti
714 3982 845 4064 spiritns
868 3985 971 4066 mitte,
999 4005 1063 4070 qno
1080 3997 1266 4072 ‘aequentur

448 4076 602 4149 virtutum
625 4082 810 4166 carismata,
835 4107 910 4167 quae
930 4091 1025 4156 nohis
1047 4091 1222 4176 donantur,

452 4176 612 4258 fermento
633 4187 789 4266 nequitiae
811 4196 846 4252 ut
868 4207 935 4258 non
955 4204 1203 4278 corrumpantur
1245 4242 1249 4251 ,

451 4298 515 4345 nee
537 4282 640 4348 inanis
663 4288 780 4370 gloriae
801 4300 901 4366 vente
925 4294 1152 4366 dissolvantur.

449 4435 608 4509 Aoeende
629 4445 666 4511 in
684 4457 821 4531 pestere
843 4453 1004 4524 medicam
1021 4458 1192 4526 seintillam

450 4546 556 4609 saneti
579 4547 750 4636 desiderii,
773 4562 808 4618 ut
831 4555 905 4626 dtus
927 4559 960 4622 in
983 4560 1127 4628 favillam

447 4662 527 4712 earo
551 4650 623 4719 haee
645 4655 821 4742 redigitur,
845 4667 1007 4730 transeam
1030 4666 1072 4732 ad
1090 4668 1178 4732 illam
1230 4689 1234 4698 “

444 4757 582 4840 terram,
604 4759 638 4824 in
661 4782 725 4845 qua
747 4763 886 4836 habeam
911 4772 1052 4854 quietem
1074 4778 1290 4860 tranquillam.
