3312 5366
377 520 480 574 meam,
498 519 560 558 curn
577 504 693 572 laburo;
1041 497 1135 565 lesu,
1154 512 1225 568 quas
1242 493 1353 566 fudisti,

344 593 373 648 iu
390 596 482 647 morte
500 593 572 647 hano
589 593 668 662 eripe
1019 584 1127 655 salsis,
1139 585 1233 655 puris,
1253 585 1366 654 calidis,

377 696 396 734 a
414 679 506 735 causis
524 684 553 734 et
570 676 636 734 foro
1055 674 1153 744 quihus
1173 676 1356 732 commovisti.

343 767 510 835 daemonum,
528 767 601 820 hanc
618 766 712 820 insere
912 759 1079 817 Schluss:

376 855 543 927 augelorum
561 856 658 910 choro.
1017 848 1194 904 decantemus
1212 851 1329 921 pariter,

237 945 358 1001 Drittc
376 942 532 1001 Abtheil
559 939 709 1013 Anfang.
1018 935 1082 991 laus
1100 936 1138 992 sit
1154 936 1309 996 hestorum.

343 1028 454 1084 Gratias
472 1043 527 1098 pro
545 1026 677 1095 lacrimis,

323 1149 380 1203 Das
399 1148 517 1206 Cedieht
534 1151 584 1203 hat
601 1145 744 1218 Strophen
762 1161 819 1200 von
837 1138 983 1212 &Verrem
998 1143 1043 1202 die
1061 1142 1191 1214 gleichen
1204 1144 1294 1199 Verse
1307 1143 1398 1201 hohen
1416 1142 1445 1198 in
1456 1142 1537 1216 jeder

236 1235 361 1306 Strophe
379 1251 432 1291 nur
451 1235 556 1290 einen
573 1234 668 1303 lleim,
701 1233 745 1287 die
769 1231 937 1305 ungleich'eu
953 1231 1023 1309 sind
1046 1231 1124 1288 nicht
1147 1229 1259 1286 liberali
1277 1231 1404 1302 gereimt.
1439 1228 1536 1301 Eiuigs

236 1322 329 1378 dieser
352 1322 453 1378 Lieder
476 1326 578 1393 mogon
602 1322 662 1376 wol
685 1335 743 1377 von
769 1320 831 1376 dem
854 1320 881 1376 h.
898 1315 1038 1390 llemhart
1060 1324 1149 1390 seyn,
1180 1317 1222 1372 sie
1248 1319 1347 1372 stehen
1364 1317 1536 1390 wenigsteus
1629 1389 1630 1396 ἵ

234 1410 332 1466 seinen
349 1409 456 1466 anderu
473 1408 625 1466 (lediohteu
643 1408 720 1464 nicht
738 1409 818 1464 naeu
855 1461 858 1468 ,

628 1759 715 1861 127,
751 1759 809 1832 De
836 1783 968 1834 corona
992 1756 1135 1832 domini.

235 1979 348 2046 Dulcis
371 1988 465 2044 sonet
487 1979 669 2064 harmonia,
914 1981 1016 2047 Pauni
1039 1979 1130 2054 simul
1154 1986 1393 2064 praesentautur

234 2081 324 2148 dulci
346 2081 477 2164 dignum
499 2080 639 2145 melodia
915 2093 948 2150 et
971 2103 1043 2150 oum
1066 2091 1197 2168 sceptro
1220 2083 1412 2150 comitantur

235 2203 415 2271 pangamus
438 2183 644 2268 praeconium.
855 2257 858 2268 ,
912 2188 1058 2260 cluvies
1079 2186 1252 2269 sudarium.
1279 2229 1283 2236 -

235 2347 294 2414 Sie
317 2353 464 2412 cantetur
486 2346 557 2409 laus
578 2345 612 2407 iu
634 2361 708 2426 ore,
913 2349 974 2416 Illa
996 2349 1157 2433 quondam
1175 2357 1310 2414 acetosa
1631 2423 1632 2440 Χ

234 2459 270 2517 ut
293 2449 469 2516 concordet
494 2467 566 2516 oum
589 2467 709 2514 canore
840 2449 860 2516 5
914 2473 994 2520 auro
1016 2455 1120 2537 magis
1142 2453 1287 2539 pretiosa
1327 2463 1331 2468 ’
1364 2465 1366 2470 “
1497 2453 1539 2517 20

236 2557 371 2622 affectus
393 2553 608 2638 psallentium.
914 2557 1007 2620 simul
1029 2556 1124 2620 adest
1146 2556 1302 2644 spongia,

236 2719 326 2787 Crux
348 2719 482 2802 insignis
505 2717 622 2802 palmae
646 2715 785 2799 signum,
913 2716 956 2785 llt
979 2721 1204 2802 catenasque
1220 2719 1341 2801 ligatus
1418 2703 1421 2710 ¹

234 2824 347 2888 mortis
368 2823 462 2904 luga,
484 2821 562 2886 vitae
585 2819 708 2902 lignum
913 2837 1017 2902 agnus
1040 2827 1091 2884 est
1111 2820 1333 2886 immaculatus

235 2927 356 2992 nostris
380 2925 476 2989 datur
498 2924 623 2988 finibus.
914 2940 1089 3007 pravorum
1111 2922 1242 2988 invidia.
1297 2991 1301 2998 ,

236 3087 357 3154 Christi
380 3104 488 3152 comes
511 3092 562 3149 est
581 3103 717 3170 corona,
820 3087 860 3152 tc
914 3083 1051 3152 Ferrum
1073 3085 1166 3151 nobis
1189 3083 1239 3150 es't
1260 3083 1393 3152 allatum
1498 3089 1540 3154 25

237 3193 383 3278 pretiosa
407 3197 482 3255 sunt
503 3185 575 3255 haec
598 3189 684 3255 dona
913 3187 1081 3273 perforato
1106 3197 1330 3255 consecratum

237 3291 402 3358 Christum
425 3289 661 3356 confitentibus.
914 3292 1087 3356 salvatoris
1109 3293 1225 3362 latere·

235 3453 344 3523 Adest
366 3441 438 3522 cum
460 3455 510 3519 his
533 3455 664 3537 sanguis
688 3453 831 3538 Christi,
913 3455 978 3522 Ber
1000 3455 1073 3522 haec
1095 3475 1225 3541 semper
1241 3465 1479 3543 protestamur,

236 3582 296 3647 per
319 3579 413 3644 quem
434 3560 552 3625 mundo
580 3560 669 3623 venit
690 3559 775 3642 tristi
913 3567 949 3624 ut
970 3568 1134 3643 postremo
1157 3561 1374 3644 perducamur

236 3667 324 3731 salus
346 3673 379 3729 et
397 3665 553 3729 solatium.
819 3662 883 3724 15·
914 3659 989 3727 hinc
1010 3663 1055 3730 ad
1075 3671 1201 3766 partem
1224 3665 1378 3732 dexterae.
1496 3670 1539 3734 30

324 3851 370 3906 lls.
388 3867 423 3904 uu
440 3850 577 3907 lliincheu
591 3849 662 3905 Cim.
681 3850 758 3906 5512
776 3845 796 3903 f.
814 3851 858 3905 34.
879 3851 920 3904 dd
936 3850 1047 3919 lauru,
1072 3849 1110 3904 im
1128 3845 1257 3908 officium
1274 3851 1324 3908 des
1341 3851 1447 3910 iaces
1541 3911 1544 3914 .

324 3976 342 4028 3
359 3973 509 4044 praeconia,
527 3973 575 4026 ils.
609 3971 645 4025 28
663 3970 763 4027 hesser
780 3973 860 4028 wire
878 3976 1074 4029 contestamur.
1100 3973 1144 4027 ,29
1163 3988 1181 4028 a
1198 3971 1247 4028 fiir
1263 3977 1303 4046 ut,
1321 3966 1369 4032 ils.

321 4096 352 4152 ln
375 4096 479 4150 diesem
502 4092 586 4147 liade
610 4093 673 4148 siud
695 4093 752 4149 alle
778 4094 1056 4167 llarterwerkueuge
1082 4094 1130 4151 hei
1157 4096 1207 4151 der
1231 4097 1414 4172 Kreuuigung
1433 4099 1544 4156 Christi

237 4181 419 4256 ausgefihrt,
451 4181 583 4253 obgleich
609 4198 639 4236 es
666 4198 719 4238 nur
746 4197 803 4238 von
831 4183 882 4237 der
907 4184 1110 4240 Dornenkrone
1137 4185 1358 4256 iihersohriehen
1383 4186 1428 4240 ist
1470 4187 1544 4243 Jeue

237 4273 419 4343 Werkzeuge
443 4270 561 4326 wurden
584 4269 628 4324 die
646 4270 873 4341 Wappenhilder
891 4275 1013 4342 (arma)
1038 4268 1144 4329 Christi
1168 4277 1305 4344 genennt,
1337 4274 1472 4330 woriber
1495 4275 1545 4328 ich

236 4373 289 4415 aus
316 4358 366 4411 der
392 4357 440 4412 lls.
467 4373 502 4412 uu
520 4357 659 4430 Freiburg
682 4359 736 4414 No.
754 4360 796 4416 91.
823 4356 901 4416 tor.
929 4359 978 4416 des
1003 4362 1037 4415 15
1054 4362 1154 4418 Jahrb.
1176 4361 1311 4436 fulgendo
1335 4362 1480 4422 Salutatio
1505 4362 1546 4420 ad

238 4464 318 4505 arma
335 4445 441 4503 Christi
459 4447 608 4502 hersetzen
626 4447 696 4503 will

290 4551 386 4622 Cruci,
405 4551 509 4620 clavis,
528 4567 642 4608 coronae
661 4551 775 4622 spineae,
968 4554 1030 4609 haec
1048 4559 1113 4614 sunt
1130 4555 1202 4610 enim
1219 4553 1326 4610 vexilla
1343 4553 1433 4628 regia,
1463 4595 1467 4600 -

289 4637 413 4711 flagellis
431 4654 569 4708 sacroque
587 4635 666 4692 ferro
685 4637 793 4695 lanceas
966 4655 1026 4720 per,
1037 4653 1100 4709 quae
1119 4653 1233 4694 coronae
1252 4637 1358 4710 gaudia

324 4729 461 4787 honorem
478 4725 682 4799 impendamus
1003 4727 1147 4798 perpetue
1165 4737 1319 4796 speramus.
