3316 5358
222 317 289 386 428

226 501 398 560 wiederhclt
423 499 564 572 Argum
591 499 638 556 die
663 499 751 574 abige
779 499 912 569 Amicht,
938 497 995 554 und
1018 499 1122 557 drickt
1144 501 1206 558 sich
1229 501 1387 558 deutlicher
1410 516 1446 560 sc
1469 515 1538 558 am:

227 585 574 658 iuturararnrrecticnia
598 601 703 658 ccrpm
726 583 900 658 imperfectae
924 581 1071 644 felicitatis
1094 587 1164 656 erit,
1195 587 1222 644 si
1245 588 1325 645 cibor
1350 603 1459 648 rumare
1478 605 1537 647 ncn

228 676 368 750 pomaria
385 673 559 748 imperfectae
577 671 732 746 felicitatis,
751 672 777 728 si
794 672 865 728 cibis
884 672 1004 746 eguerit.
1633 720 1634 780 ι

285 1013 372 1088 302.
409 1011 468 1084 De
494 1009 601 1081 variis
624 1001 868 1080 mansionibus
895 1015 930 1077 et
950 1007 1102 1104 praemiis
1128 1003 1319 1079 electorum
1338 1005 1487 1080 caelestis

678 1123 889 1200 Jerusalem.
927 1123 1088 1226 hymnus.

231 1367 271 1436 m
293 1365 389 1432 domo
410 1365 515 1450 patris

232 1489 367 1536 summae
384 1467 565 1553 majestatis

233 1591 313 1640 acce
335 1579 409 1638 sunt
429 1569 578 1657 pulchrae

233 1676 417 1743 mansiones
439 1675 567 1758 mnltae,

234 1799 309 1864 quae
331 1787 406 1844 sunt
427 1783 608 1846 certantum

233 1899 297 1966 pro
318 1881 437 1945 virtute
458 1888 582 1946 tantum

234 2002 276 2049 ac
297 1981 557 2067 triumphantum.

233 2168 283 2238 lbi
304 2169 426 2254 Maria,

232 2273 396 2355 virginum
418 2273 550 2358 regina,

234 2394 256 2443 c
279 2396 376 2461 quam
397 2378 505 2460 beata,

235 2498 309 2562 qnae
331 2481 456 2546 cunctis
478 2477 619 2566 praelata

233 2581 311 2647 mihi
333 2582 549 2665 propinquam

233 2685 348 2750 sedam
369 2693 458 2752 tenet
479 2686 630 2772 primam,

235 2789 362 2873 angelis
385 2790 492 2856 altam.

234 2973 390 3042 Gaudens
413 2977 559 3060 laetatur,

235 3082 311 3165 quia
333 3081 571 3166 contemplatur

234 3203 286 3249 me
308 3201 400 3248 snum
422 3190 550 3265 natum,

235 3285 330 3352 unice
352 3284 524 3367 praelatum

234 3387 270 3452 in
291 3386 408 3452 dextra
427 3387 532 3471 patris

236 3491 382 3556 omnibns
407 3490 526 3562 creatis

236 3601 333 3676 atque
357 3593 471 3658 beatis.

234 3777 302 3864 En,
325 3778 434 3846 Adam
454 3789 550 3846 vetus

236 3901 333 3965 quam
354 3883 446 3964 felix,
470 3901 566 3966 quam
588 3881 683 3949 laetns

236 3987 315 4051 mihi
336 3987 519 4071 applaudit,

236 4108 308 4157 cum
330 4089 412 4154 vidit
434 4099 469 4156 et
491 4089 579 4156 audit

233 4211 340 4278 genus
362 4191 534 4257 humanum

233 4298 424 4381 peripsum
448 4295 632 4362 damnatum

235 4419 297 4486 per
319 4419 371 4464 mc
394 4398 564 4464 salvatum

236 4587 306 4654 Sed
327 4589 524 4674 patriarchae

236 4692 415 4777 tripudiant
439 4694 544 4779 laude,
581 4714 583 4718 ’

910 1363 973 1430 sibi
994 1363 1187 1448 promismm

911 1473 1084 1534 comentes
1105 1467 1288 1551 impletum,

911 1586 1046 1652 parma
1069 1565 1242 1634 credentes

911 1665 1094 1734 benedictae
1116 1675 1233 1752 gentes

840 1777 860 1840 5
912 1777 986 1837 sunt
1008 1777 1042 1837 et
1062 1771 1221 1838 viventes.

911 1957 995 2026 Mihi
1016 1959 1189 2044 prophetae

913 2061 1106 2128 citharizant
1127 2063 1217 2146 laeta,

913 2165 1001 2250 quod
1023 2155 1187 2252 meruere,

847 2271 852 2278 '
912 2291 965 2337 me
987 2270 1076 2337 clara
1097 2271 1227 2356 vide're,

820 2375 862 2442 10
914 2391 1009 2456 quem
1031 2373 1255 2459 praedixarunt

912 2473 1047 2558 mundo,
1072 2475 1148 2541 dnm
1168 2477 1338 2560 vixerunt,

912 2597 975 2645 nac
998 2578 1194 2645 fefellerunt.

846 2753 851 2760 ’
913 2764 1020 2830 David
1042 2767 1212 2851 psalmista

912 2889 1068 2953 meusque
1090 2871 1232 2955 baptista

912 2975 1161 3060 praespccialem

913 3077 1036 3145 habent
1058 3079 1253 3160 claritatem,

826 3267 832 3274 ¹
893 3183 969 3280 ¹qui
990 3203 1042 3248 me
1064 3189 1237 3247 venturum

912 3303 979 3352 non
1001 3293 1067 3352 tam
1089 3286 1343 3370 prophetarunt,
1412 3253 1415 3258 Ι

914 3409 1010 3475 qnam
1032 3389 1304 3456 demonstrarunt

914 3578 998 3648 Sunt
1020 3597 1116 3661 qnam
1137 3577 1291 3663 praeclam'

914 3681 1056 3770 apostoli
1078 3680 1162 3762 cari,

914 3803 1039 3850 mecum
1061 3784 1229 3864 sedentes,

913 3905 1038 3952 mecum
1061 3885 1293 3966 mammantes,

912 3989 970 4074 qni
991 4009 1029 4054 sc
1051 3991 1266 4073 spernebant,

817 4089 860 4154 25
915 4106 1031 4164 cuncta
1053 4097 1295 4180 relinquebant,

914 4202 992 4269 mihi
1015 4202 1194 4268 haerebant.

915 4390 1082 4476 Martyres
1104 4390 1223 4473 fortes,

915 4513 967 4558 me
989 4512 1051 4577 per
1072 4493 1159 4558 mille
1182 4499 1303 4558 mortes

916 4595 1082 4664 testificati

820 4695 864 4762 30
917 4701 1044 4791 fulgeat
1065 4703 1237 4786 rubricati,
